@string{JASA="J. Amer. Statist. Assoc."}
@string{CSDA="Comput. Statist. and Data Analysis"}
@string{JRSSB="J. R. Statist. Soc. B"}

@article{DPR,
title   = {A mixture model for random graphs},
author  = {Jean-Jacques Daudin and Franck Picard and Stephane Robin},
journal = {Stat Comput},
volume  = {18},
year    = {2008},
pages   = {173--183}
}

@article{PMDCR,
title   = {Deciphering the connectivity structure of biological networks using {M}ix{N}et},
author  = {Franck Picard and Vincent Miele and Jean J.  Daudin and Ludovic Cottret and Stephane Robin}, 
journal = {BMC Bioinformatics},
volume  = {10},
year    = {2009}
}

@article{LBA ,
title   = {Bayesian Methods for Graph Clustering},
author  = {Pierre Latouche and Etienne Birmelé and Christophe Ambroise},
journal = {SSB Research Report},
volume  = {17},
year    = {2008},
}

@article{GB,
title   = {Convergence Theorems for Generalized Alternating Minimization Procedures},
author  = {Gunawardana, Asela and Byrne, William},
journal = {J. Machine Learn. Res.},
volume  = {6},
year    = {2005},
pages   = {2049--2073}
}

@article{TSJ,
title   = {Tutorial on variational approximation methods},
author  = {Tommy S. Jaakola},
journal = {MIT Press},
year    = {2000}
}

@InProceedings{BG,
  author = 	 {Beal, M., J. and Ghahramani, Z.},
  title = 	 {The Variational {B}ayesian {EM} Algorithm for Incomplete Data: with Application to Scoring Graphical Model Structures},
  booktitle = 	 {Bayesian Statistics 7},
  pages = 	 {543--52},
  year = 	 {2003},
  publisher =    {Oxford University Press},
  annote = 	 {citeseer.ist.psu.edu/article/beal03variational.html},
}

@article{GB,
title   = {Convergence Theorems for Generalized Alternating Minimization Procedures},
author  = {Asela Gunawardana \& William Byrne},
journal = {JMLR},
year    = {2005}
}

@article{understandBP,
title   = {Understanding Belief Propagation and its Generalizations},
author  = {Jonathan S. Yedidia and William T. Freeman and Yair Weiss},
journal = {Exploring Artificial Intelligence in the New Millenium},
volume  = {8},
year    = {2003},
pages   = {239--236}
}

@book{messagepassing,
author    = {David J.C. MacKay},
title     = {Information Theory, Inference, and Learning Algorithms},
year      = {2003},
publisher = {Cambridge University Press},
}

@article{JGJ99,
    author = "Michael I. Jordan and Zoubin Ghahramani and Tommi Jaakkola and Lawrence K. Saul",
    title = "An Introduction to Variational Methods for Graphical Models",
    journal = "Machine Learning",
    volume = "37",
    number = "2",
    pages = "183-233",
    year = "1999",
}

@Article{DLR77,
  author = 	 {A. P. Dempster and N. M. Laird and D. B. Rubin},
  title = 	 {Maximum Likelihood from Incomplete Data via the {EM} algorithm},
  journal = 	 JRSSB,
  year = 	 {1977},
  volume = 	 {39},
  pages = 	 {1--38}
}

@Article{McT07,
  author = 	 {McGrory, C. A. and Titterington, D. M.},
  title = 	 {Variational approximations in {B}ayesian model selection for
finite mixture distributions},
  journal = 	 CSDA,
  year = 	 {2007},
  volume = 	 {51},
  pages = 	 {5332-67},
}


@Article{McT09,
  author = 	 {McGrory, C., A. and Titterington, D., M.},
  title = 	 {Variational {B}ayesian analysis for hidden {M}arkov models},
  journal = 	 {Austr. \& New Zeal. J. Statist.},
  year = 	 {2009},
  volume = 	 {51},
  number = 	 {2},
  pages = 	 {227--44},
  annote = 	 {Tech. report : McT08.pdf}
}

@InProceedings{WaT04,
  author = 	 {Wang, B. and Titterington, D., M.},
  title = 	 {Convergence and asymptotic normality of variational Bayesian approximations for exponential family models with missing values},
  booktitle = 	 {Proc. 20th Conf. Uncertainty in Artificial Intelligence},
  pages = 	 {577-84},
  year = 	 {2004},
  volume = 	 {70},
  series = 	 {ACM Internat. Conf. Proc.},
}


@Article{WaT06,
  author = 	 {Wang, B. and Titterington, D.M.},
  title = 	 {Convergence properties of a general algorithm for calculating variational Bayesian estimates for a normal mixture model},
  journal = 	 {Bayesian Analysis},
  year = 	 {2006},
  volume = 	 {1},
  pages = 	 {625--50},
}





@Article{MTR08,
  author = 	 {McGrory, C., A. and Titterington, D., M. and Reeves, R. and Pettitt A., N.},
  title = 	 {Variational Bayes for estimating the parameters of a hidden Potts model},
  journal = 	 {Statist. Comput.},
  year = 	 {2008},
  volume = 	 {19},
  number = 	 {3},
  pages = 	 {329--40},
}

@InBook{PaR07,
  author = 	 {Pattison, P. E. and Robins, G. L. },
  title = 	 {Handbook of Probability Theory with Applications},
  chapter = 	 {Probabilistic Network Theory},
  publisher = 	 {Sage Publication},
  year = 	 {2007}
}

@Article{NoS01,
  author = 	 {Nowicki, K. and Snijders, T.A.B.},
  title = 	 {Estimation and prediction for stochastic block-structures},
  journal = 	 JASA,
  year = 	 {2001},
  volume = 	 {96},
  pages = 	 {1077--87},
}

@Book{Guy95,
  author = 	 {Guyon, X.},
  title = 	 {Random fields on a network. Modeling, statistics, and applications},
  publisher = 	 {New York: Springer},
  year = 	 {1995},
}

@BOOK{MaP00,
 author = {McLachlan, G. and Peel, D.},
 title= {Finite Mixture Models},
 publisher = {Wiley},
 year = {2000},
 }

@Article{Bes86,
  author = 	 {Besag, J.},
  title = 	 {On the Statistical Analysis of Dirty Pictures},
  journal = 	 JRSSB,
  year = 	 {1986},
  volume = 	 {48},
  number = 	 {3},
  pages = 	 {259-302},
}


@article{BBO ,
title   = {Topological units of environmental signal processing in the transcriptional network of escherichia coli},
author  = {Balazsi, G. and Barabasi, A.-L. and Oltvai, Z.N.},
journal = {PNAS},
volume  = {102(22)},
year    = {2005},
pages   = {7841--7846}
}

@article{SMMA ,
title   = {Network motifs in the transcriptional regulation network of escherichia coli},
author  = {Shen-Orr. and Milo R. and Mangan S. and Alon U.},
journal = {Nature genetics},
volume  = {31},
year    = {2002},
pages   = {64--68}
}