@ARTICLE{BuckLieb04,
  AUTHOR =       {Buck, M.J. and Lieb, J.D.},
  TITLE =        {ChIP-chip: considerations for the design, analysis, and application of genome-wide chromatin immunoprecipitation experiments},
  JOURNAL =      {Genomics},
  YEAR =         {2004},
  volume =       {83},
  number =       {3},
  pages =        {349--360},
  }

@ARTICLE{Cawley04,
  AUTHOR =       {Cawley S, Bekiranov S, Ng H. et al.},
  TITLE =        {Unbiased mapping of transcription factor binding sites along human chromosomes 21 and 22 points to widespread regulation of noncoding RNAs},
  JOURNAL =      {Cell},
  YEAR =         {2004},
  volume =       {116},
  number =       {4},
  pages =        {499--509},
  }

@ARTICLE{Keles03,
  AUTHOR =       {Keles, S and van der Laan, M.J. and Dudoit, S. and Xing, B. and Eisen, M.B.},
  TITLE =        {Supervised Detection of Regulatory Motifs in DNA Sequences},
  JOURNAL =      {Statistical Applications in Genetics and Molecular Biology},
  YEAR =         {2003},
  volume =       {2},
  number =       {1},
  }

@ARTICLE{JiWong05,
  AUTHOR =       {Ji, H. and Wong, W.H.},
  TITLE =        {TileMap: create chromosomal map of tiling array hybridizations},
  JOURNAL =      {Bioinformatics},
  YEAR =         {2005},
  volume =       {21},
  number =       {18},
  pages =        {3629--3636},
  annote =       {HMM},
  }

@ARTICLE{Keles07,
  AUTHOR =       {Keles, S.},
  TITLE =        {Mixture Modeling for Genome-Wide Localization of Transcription Factors},
  JOURNAL =      {Biometrics},
  YEAR =         {2007},
  volume =       {63},
  number =       {1},
  pages =        {10–-21},
  }

@ARTICLE{LiMeyerLiu05,
  AUTHOR =       {Li, W. and Meyer, C.A. and Liu, X.S.},
  TITLE =        {A hidden Markov model for analyzing ChIP-chip experiments on genome tiling arrays and its application to p53 binding sequences.},
  JOURNAL =      {Bioinformatics},
  YEAR =         {2005},
  volume =       {21},
  pages =        {i274-i282},
  annote =       {HMM},
  }

@ARTICLE{Turck07,
  AUTHOR =       {Turck, F. and Roudier, F. and Farrona, S. and Martin-Magniette, et al.},
  TITLE =        {Arabidopsis TFL2/LHP1 Specifically Associates with Genes Marked by Trimethylation of Histone H3 Lysine 27},
  JOURNAL =      {PLoS Genet.v},
  YEAR =         {2007},
  volume =       {3},
  number =       {6},
  }

@ARTICLE{Kerr02, 
 author={Kerr, M. K. and Afshari, C. A. and Bennett, L. and Bushel,
 P. and Martinez, J. and Walker, N. J. and Churchill, G. A.},
 title={Statistical analysis of a gene expression microarray
 experiment with replication},
 journal={Statistica Sinica},
 volume={12},
 year={2002},
 pages={203--217}
}

