% Biblio graphes
% bon site web : http://www.biostat.umn.edu/~weip/course/ge/ref02s.html

@string{AAP="Ann. Appl. Prob."}
@string{AIHP="Ann. Inst. Henri Poincar\'e"}
@string{AISM="Ann. Inst. Statist. Math."}
@string{AP="Ann. Prob."}
@string{AS="Ann. Statist."}
@string{AAS="Ann. Appl. Statist."}
@string{AdAP="Adv. Appl. Prob."}
@string{ApS="Appl. Statist."}
@string{AnAP="Ann. Appl. Prob."}
@string{BMB="Bull. Math. Biol"}
@string{BMCB="BMC Bioinformatics"}
@string{CABIOS="Comp. Applic. Biosci."}
@string{CC="Computer Chem."}
@string{CRAS="C.-R. Acad. Sciences"}
@string{CSDA="Comput. Statist. and Data Analysis"}
@string{ESAIM="ESAIM: Probability and Statistics"}
@string{EJS="Electron. J. Statis."}
@string{JAM="J. Analyse Math."}
@string{JAP="J. Appl. Prob."}
@string{JASA="J. Amer. Statist. Assoc."}
@string{JBSD="J. Biomol. Struct. Dynamics"}
@string{JCB="J. Comp. Biol."} 
@string{JCTA="J. Combinatorial Theory A"}
@string{JMB="J. Mol. Biol."}
@string{JME="J. Mol. Evol"}
@string{JTB="J. Theor. Biol."}
@string{JRSSA="J. R. Statist. Soc. A"}
@string{JRSSB="J. R. Statist. Soc. B"}
@string{JRSSC="J. R. Statist. Soc. C"}
@string{JSPI="J. Statis. Plann. Inference"}
@string{MBE="Mol. Biol. Evol."}
@string{MPCPS="Math. Proc. Camb. Phil. Soc."}
@string{NAR="Nucl. Acids Res."}
@string{PNAS="Proc. Natl. Acad. Sci. USA"}
@string{PTRF="Prob. Theory Rel. Fields"}
@string{P="Preprint"}
@string{PSI="Prob. Statist. Inference"}
@string{RTB="INRA,  Biom\'etrie"}
@string{SAGMB="Stat. Appl. Genet. Mol. Biol."}
@string{SPA="Stoch. Proc. Appl."}
@string{SPL="Statist. Prob. Letters"}
@string{SS="Statistical Science"}
@string{SSI="Statistica Sinica"}
@string{TPA="Theory Prob. Appl."}
@string{ZW="Z. Wahrscheinlichkeit"}



@TechReport{,
  author =  {},
  title =  {},
  institution =  {},
  year =  {},
  OPTkey =  {},
  OPTtype =  {},
  OPTnumber =  {},
  OPTaddress =  {},
  OPTmonth =  {},
  OPTnote =  {},
  OPTannote =  {}
}

@TechReport{ACM08,
  author =  {Ambroise, C. and Chiquet, J. and Matias, C.},
  title =  {Inferring sparse Gaussian graphical models with latent structure},
  institution =  {{SSB}},
  month =  {October},
  year =  {2008},
  number =  {21},
  note =  {{\tt genome.jouy.inra.fr/ssb/preprint/SSB-RR-21.inference\_GGM.pdf}}
}


@Unpublished{ACM12,
  author =  {Acu\~na, V. and Cottret, L. and Milreu, P.V. and Marchetti-Spaccamela, A. and Stougie, L.  and Sagot, M.-F.},
  title =  {Enumerating all minimal metabolic precursor sets: complexity analysis and exact algorithms
.},
  year =  {2012},
  note =  {{\sl submitted}}
}

@InProceedings{ABC11,
  author =  {Acu\~na, V. and Birmel\'e, E. and Cottret, L. and Crescenzi, P. and Jourdan, F. and Lacroix, V. and Marchetti-Spaccamela, A. and Marino, A. and  Milreu, P.V. and Sagot, M.-F. and Stougie, L.},
  title =  {Telling Stories},
  booktitle = {ICALP satellite workshop: Graph Algorithms and Applications},
  year =  {2011}
}

.
ICALP 2011 satellite workshop: Graph Algorithms and Applications.
Submitted to the TCS Journal (Theoretical Computer Science)

@inproceedings{ACC13,
  title={Stochastic blockmodel approximation of a graphon: Theory and consistent estimation},
  author={Airoldi, E. M. and Costa, T. B. and Chan, S. H.},
  booktitle={Advances in Neural Information Processing Systems},
  pages={692--700},
  year={2013}
}

@TechReport{AbD12,
  author = {{Abdo}, H. and {Dimitrov}, D.},
  title = "{The total irregularity of a graph}",
  institution = {arXiv:1207.5267},
     year = 2012,
}

@inproceedings{ALI10,
  title={Learning with blocks: Composite likelihood and contrastive divergence},
  author={Asuncion, Arthur U and Liu, Qiang and Ihler, Alexander T and Smyth, Padhraic},
  booktitle={International Conference on Artificial Intelligence and Statistics},
  pages={33--40},
  year={2010}
}

@Article{ACM09,
  author =  {Ambroise, C. and Chiquet, J. and Matias, C.},
  title =  {Inferring sparse Gaussian graphical models with latent structure},
  journal =  {Electron. J. Statist.},
  year =  {2009},
  volume =  {3},
  pages =  {205--38},
}

@article{Alb97,
  title={The irregularity of a graph},
  author={Albertson, Michael O},
  journal={Ars Combinatoria},
  volume={46},
  pages={219--225},
  year={1997},
  publisher={CHARLES BABBAGE RES CTR PO BOX 272 ST NORBERT POSTAL STATION, WINNIPEG MB R3T 2N2, CANADA}
}

@techreport{ACC13b,
   author = {{Airoldi}, E.~M and {Costa}, T.~B and {Chan}, S.~H},
    title = "{Stochastic blockmodel approximation of a graphon: Theory and consistent estimation}",
  institution = {arXiv:1311.1731},
     year = 2013,
}

@Article{AlB02,
  author =  {Albert, R. and Barab\'asi, A. - L.},
  title =  {Statistical mechanics of complex networks},
  journal =  {R. Modern Physics},
  year =  {2002},
  volume =  {74},
  number =  {1},
  pages =  {47--97},
}

@Article{AlA02,
  author =  {Alm, E. and Arkin, A. P.},
  title =  {Biological networks},
  journal =  {Cur. Op. Struct. Biol.},
  year =  {2002},
  volume =  {13},
  pages =  {193--202},
}


@Article{AMR09,
  author =  {Allman, E.A. and Matias, C. and Rhodes, J.A.},
  title =  {Identifiability of parameters in latent structure models with many observed variables},
  journal =  AS,
  year =  {2009},
  volume =  {37},
  number =  {6A},
  pages =  {3099-132},
}

@Article{Ari04,
  author =  {Arita, M.},
  title =  {The metabolic world of \textit{{E}scherichia coli} is not small}, 
  journal =  {PNAS},
  year =  {2004},
  volume =  {101},
  number =  {6},
  pages =  {1543--1547},
}

@techreport{ArV13,
   author = {{Arias-Castro}, E. and {Verzelen}, N.},
    title = {Community Detection in Random Networks},
   institution = {arXiv:1302.7099},
     year = 2013,
}

@article{ArV14,
author = "Arias-Castro, Ery and Verzelen, Nicolas",
doi = "10.1214/14-AOS1208",
fjournal = "The Annals of Statistics",
journal = "Ann. Statist.",
month = "06",
number = "3",
pages = "940--969",
publisher = "The Institute of Mathematical Statistics",
title = "Community detection in dense random networks",
url = "http://dx.doi.org/10.1214/14-AOS1208",
volume = "42",
year = "2014"
}

@article{BuK04,
	Author = {Marguerite A. Butler and Aaron A. King},
	Bdsk-Url-1 = {http://www.jstor.org/stable/3473229;\%20http://www.bibsonomy.org/bibtex/21c3da92aba4e3fe34f661db906e9c524/peter.ralph},
	Bdsk-Url-2 = {http://www.jstor.org/stable/3473229;\%20http://www.bibsonomy.org/bibtex/21c3da92aba4e3fe34f661db906e9c524/peter.ralph},
	Copyright = {Copyright {\copyright} 2004 The University of Chicago Press},
	Date-Modified = {2015-11-24 14:55:08 +0000},
	Interhash = {df4800543107e54ae3220d5e2d4ba9a7},
	Intrahash = {1c3da92aba4e3fe34f661db906e9c524},
	Journal = {The American Naturalist},
	Jstor_Articletype = {research-article},
	Jstor_Formatteddate = {Dec., 2004},
	Language = {English},
	Localfile = {/home/bastide/Dropbox/Bastide_Stage_2014/Biblio/Butler2004.pdf},
	Number = {6},
	Pages = {683--695},
	Publisher = {The University of Chicago Press for The American Society of Naturalists},
	Title = {{Phylogenetic Comparative Analysis: A Modeling Approach for Adaptive Evolution}},
	Volume = {164},
	X-Fetchedfrom = {Bibsonomy},
	Year = {2004}}

@Article{BaA99,
  author =  {Barab\'asi, A. - L. and Albert, R.},
  title =  {Emergence of scaling in random networks},
  journal =  {Science},
  year =  {1999},
  volume =  {286},
  pages =  {509--512},
}

@article{BaR06,
	author = {Andrew B. and Gesine R.},
	title = {Discrete small world networks},
	journal = {Electron. J. Probab.},
	fjournal = {Electronic Journal of Probability},
	volume = {11},
	year = {2006},
	keywords = {Small-world networks, shortest path length, branching process},
	pages = {no. 47, 1234-1283},
	issn = {1083-6489},
	doi = {10.1214/EJP.v11-381},    
	url = {http://ejp.ejpecp.org/article/view/381}
}


@article{BCL11,
  title={The method of moments and degree distributions for network models},
  author={Bickel, P. J. and Chen, A. and Levina, E. and others},
  journal={The Annals of Statistics},
  volume={39},
  number={5},
  pages={2280--2301},
  year={2011},
  publisher={Institute of Mathematical Statistics}
}

@Article{BCG00,
  author =  {Biernacki, C. and Celeux, G. and Govaert, G.},
  title =  {Assessing a Mixture Model for Clustering with the Integrated Completed Likelihood},
  journal =  {IEEE Trans. Pattern Anal. Machine Intel.},
  year =  {2000},
  volume =  {22},
  number =  {7},
  pages =  {719--25},
}


@Article{BCG10,
  author =   {Biernacki, C. and Celeux, G. and Govaert, G.},
  title =    {Exact and Monte-Carlo calculation of Integrated Likelihoods for the latent class model},
  journal =      JSPI,
  year =     {2010},
  volume =   {140},
  pages =    {2191--3002},
}

@Article{BBV07,
  author =  {Bleakley, K. and Biau, G. and Vert, J.-P.},
  title =  {Supervised reconstruction of biological networks with local models},
  journal =  {Bioinformatics},
  year =  {2007},
  OPTkey =  {},
  volume =  {23},
  OPTnumber =  {},
  pages =  {i57--63},
  OPTmonth =  {},
  note =  {ISMB / ECCB 2007},
  OPTannote =  {}
}

@Article{BCP07,
  author =  {Biau, G\'erard and Cadre, Beno\EEt and Pelletier, Bruno},
  title =  {A graph-based estimator of the number of clusters},
  journal =  ESAIM,
  year =  {2007},
  OPTkey =  {},
  volume =  {11},
  OPTnumber =  {},
  pages =  {272--80},
  OPTmonth =  {},
  note =  {doi:10.1051/ps:2007019},
  OPTannote =  {}
}

@Article{BiC09,
   Author="Bickel, P. J.  and Chen, A. ",
   Title="{{A} nonparametric view of network models and {N}ewman-{G}irvan and other modularities}",
   Journal="Proc. Natl. Acad. Sci. U.S.A.",
   Year="2009",
   Volume="106",
   Pages="21068--21073",
   Month="Dec"
}

@book{BiN06,
  title={Pattern recognition and machine learning},
  author={Bishop, Christopher M and Nasrabadi, Nasser M},
  volume={1},
  year={2006},
  publisher={springer New York}
}

@TechReport{Blo05,
  author =  {Bloznelis, M.},
  title =  {Degree variance is asymptotically normal},
  institution =  {Vilnius university, Faculty of Mathematics and Informatics},
  year =  {2005},
}

@Article{BFG05,
  author =  {Beal, M. J. and Falciani, F. and Ghahramani, Z. and Rangel, C. and Wild, D.L.},
  title =  {A Bayesian approach to reconstructing genetic regulatory networks with hidden factors}, 
  journal =  {Bioinformatics},
  year =  {2005},
  volume =  {21},
  number =  {3},
  pages =  {349--56},
  annote =  {doi:10.1093/bioinformatics/bti014}
}


@Article{BEA08,
  author =  {Banerjee, O. and El Ghaoui, L. and d'Aspremont, A.},
  title =  {Model Selection Through Sparse Maximum Likelihood Estimation
for Multivariate Gaussian or Binary Data},
  journal =  {J. Mach. Learn. Res.},
  year =  {2008},
  OPTkey =  {},
  volume =  {8},
  OPTnumber =  {},
  pages =  {485--516},
  OPTmonth =  {},
  OPTnote =  {},
  OPTannote =  {}
}
@PhdThesis{Bea03,
 author = {Beal, M.J.},
 title = {Variational Algorithms for Approximate {B}ayesian Inference},
 school = {University College London},
 year = {2003}
}

@article{BeG03,
  author =  {Beal, M., J. and Ghahramani, Z.},
  title =  {The Variational {B}ayesian {EM} Algorithm for Incomplete Data: with Application to Scoring Graphical Model Structures},
  journal =  {Bayes. Statist.},
  volume =       {7}, 
  pages =  {543--52},
  year =  {2003},
  publisher =    {Oxford University Press},
  annote =  {citeseer.ist.psu.edu/article/beal03variational.html},
}

@incollection{BLB04,
  title={Concentration inequalities},
  author={Boucheron, St{\'e}phane and Lugosi, G{\'a}bor and Bousquet, Olivier},
  booktitle={Advanced Lectures on Machine Learning},
  pages={208--240},
  year={2004},
  publisher={Springer}
}

@BOOK{BuA98,
         AUTHOR = "Burnham, K. P. and Anderson, R. A.",
         TITLE = "Model Selection and Inference: A Practical
         Information-Theoretic Approach",
         PUBLISHER = {Wiley: New-York} ,
         YEAR = 1998
         }


@Article{BZB02,
  author =  {Mark A. Beaumont, Wenyang Zhang, and David J. Balding
},
  title =  {Approximate Bayesian Computation in Population Genetics},
  journal =  {Genetics},
  year =  {2002},
  volume =  {162},
  pages =  {2025--35},
}

@techreport{CDR11,
   author = {{Channarond}, A. and {Daudin}, J.-J. and {Robin}, S.},
    title = "{Classification and estimation in the Stochastic Block Model based on the empirical degrees}",
  institution = {arXiv:1110.6517},
     year = 2011,
}

@article{CDS14,
title = "Extremality of degree-based graph entropies ",
journal = "Information Sciences ",
volume = "278",
number = "0",
pages = "22 - 33",
year = "2014",
note = "",
issn = "0020-0255",
doi = "http://dx.doi.org/10.1016/j.ins.2014.03.133",
url = "http://www.sciencedirect.com/science/article/pii/S0020025514004393",
author = "Shujuan Cao and Matthias Dehmer and Yongtang Shi",
}

@ARTICLE{CFV15,
   author = {{Cerqueira}, A. and {Fraiman}, D. and {Vargas}, C.~D. and {Leonardi}, F.
	},
    title = "{A test of hypotheses for random graph distributions built from EEG data}",
  journal = {ArXiv e-prints},
archivePrefix = "arXiv",
   eprint = {1504.06478},
 primaryClass = "stat.AP",
 keywords = {Statistics - Applications},
     year = 2015,
    month = apr,
   adsurl = {http://adsabs.harvard.edu/abs/2015arXiv150406478C},
  adsnote = {Provided by the SAO/NASA Astrophysics Data System}
}

@Article{CMA10,
   Author="Cottret, L.  and Milreu, P. V.  and Acu\~na, V.  and Marchetti-Spaccamela, A.  and Stougie, L.  and Charles, H.  and Sagot, M. F. ",
   Title="{G}raph-based analysis of the metabolic exchanges between two co-resident intracellular symbionts, {B}aumannia cicadellinicola and {S}ulcia muelleri, with their insect host, {H}omalodisca coagulata",
   Journal="PLoS Comput. Biol.",
   Year="2010",
   Volume="6"
}

@techreport{Cha12,
   author = {Chatterjee, S.},
    title = "{Matrix estimation by Universal Singular Value Thresholding}",
  institution = {arXiv:1212.1247},
     year = 2012,
}

@article{Cha14,
  title={Matrix estimation by universal singular value thresholding},
  author={Chatterjee, Sourav and others},
  journal={The Annals of Statistics},
  volume={43},
  number={1},
  pages={177--214},
  year={2014},
  publisher={Institute of Mathematical Statistics}
}

@article{CoR04,
  added-at = {2011-07-06T14:16:23.000+0200},
  author = {Cox, DR and Reid, N.},
  biburl = {http://www.bibsonomy.org/bibtex/2330427ef21d7e8f180a00b7e1ec605d5/marsianus},
  interhash = {ec5436e5aca88a69f917b510811b8772},
  intrahash = {330427ef21d7e8f180a00b7e1ec605d5},
  journal = {Biometrika},
  keywords = {CompositeLikelihood},
  number = 3,
  pages = 729,
  publisher = {Biometrika Trust},
  timestamp = {2011-07-06T14:16:23.000+0200},
  title = {A note on pseudolikelihood constructed from marginal densities},
  volume = 91,
  year = 2004
}

@article{CoM07,
  title={Mean-field variational approximate Bayesian inference for latent variable models},
  author={Consonni, Guido and Marin, Jean-Michel},
  journal={Computational Statistics \& Data Analysis},
  volume={52},
  number={2},
  pages={790--798},
  year={2007},
  publisher={Elsevier}
}

@Article{CSG09,
  author =  {Chiquet, J. and Smith, A. and Grasseau, G. and Matias, C. and Ambroise, C.},
  title =  {{S}imone: Statistical inference for modular networks},
  journal =  {Bioinformatics},
  year =  {2009},
  volume =  {25},
  number =  {3},
  pages =  {417--18},
}

@Article{CGA11,
year={2011},
issn={0960-3174},
journal={Statistics and Computing},
volume={21},
number={4},
doi={10.1007/s11222-010-9191-2},
title={Inferring multiple graphical structures},
url={http://dx.doi.org/10.1007/s11222-010-9191-2},
publisher={Springer US},
keywords={Network inference; Gaussian graphical model; Multiple sample setup; Cooperative-LASSO; Intertwined-LASSO},
author={Chiquet, Julien and Grandvalet, Yves and Ambroise, Christophe},
pages={537-553},
language={English}
}

@TechReport{CDP11,
   author = {{Celisse}, A. and {Daudin}, J.-J. and {Pierre}, L.},
    title = "{Consistency of maximum-likelihood and variational estimators in the Stochastic Block Model}", 
  institution = {ArXiv e-prints},
   number = {1105.3288},
     year = 2011,
}

@Article{CCA10,
   Author="Charbonnier, C.  and Chiquet, J.  and Ambroise, C. ",
   Title="{{W}eighted-{L}{A}{S}{S}{O} for structured network inference from time course data}",
   Journal="Stat Appl Genet Mol Biol",
   Year="2010",
   Volume="9",
   Pages="Article 15"
}


@Article{CDR07,
  author =  {Chen, P. Y. and Deane, C. M. and Reinert, G.},
  title =  {A statistical approach using network structure in the prediction
of protein characteristics},
  journal =  {Bioinformatics},
  year =  {2007},
  OPTkey =  {},
  volume =  {23},
  number =  {17},
  pages =  {2314--21},
  OPTmonth =  {},
  note =  {{\tt doi:10.1093/bioinformatics/btm342}},
  OPTannote =  {}
}

@Article{ChL02,
  author =  {Chung, F. and Lu, L.},
  title =  {The average distances in random graphs with given expected degrees},
  journal =  PNAS,
  year =  {2002},
  volume =  {99},
  pages =  {15879-15882},
}

@TechReport{CWA10,
   author = {{Choi}, D.~S. and {Wolfe}, P.~J. and {Airoldi}, E.~M.},
    title = "{Stochastic blockmodels with growing number of classes}",
  institution = {arXiv:1011.4644},
     year = 2010,
}

@Article{DLR77,
  author =  {A. P. Dempster and N. M. Laird and D. B. Rubin},
  title =  {Maximum Likelihood from Incomplete Data via the {EM} algorithm},
  journal =  JRSSB,
  year =  {1977},
  volume =  {39},
  pages =  {1--38}
}

@techreport{DiJ07,
   author = {{Diaconis}, P. and {Janson}, S.},
    title = "{Graph limits and exchangeable random graphs}",
  institution = {arXiv:0712.2749},
     year = 2007,
}

@TechReport{DaP09,
  author =  {Daudin, J.J. and Pierre, L.},
  title =  {Ideal-type model for random networks},
  institution =  {SSB},
  year =  {2009},
  OPTkey =  {},
  OPTtype =  {},
  number =  {22},
  OPTaddress =  {},
  OPTmonth =  {},
  OPTnote =  {},
  OPTannote =  {}
}

@article{DSY12,
  title={Topological domains in mammalian genomes identified by analysis of chromatin interactions},
  author={Dixon, Jesse R and Selvaraj, Siddarth and Yue, Feng and Kim, Audrey and Li, Yan and Shen, Yin and Hu, Ming and Liu, Jun S and Ren, Bing},
  journal={Nature},
  volume={485},
  number={7398},
  pages={376--380},
  year={2012},
  publisher={Nature Publishing Group}
}


@InProceedings{DLP06,
  author =  {Jean-Jacques Daudin, Vincent Lacroix, Franck Picard, St\'ephane Robin, Marie-France Sagot},
  title =  {Uncovering structure in biological networks},
  booktitle =  {Proceedings of the JOBIM Conference},
  year =  {2006},
  address =  {Bordeaux, France},
}

@article{DPR08,
  author =  {Daudin, J.-J. and Picard, F. and Robin, S.},
  title =  {A mixture model for random graphs},
  journal =  {Stat. Comput.},
  year =  {2008},
  volume =  {18},
  number =  {2},
  pages =  {173--83},
  month =  {Jun},
}

@Unpublished{DPR07,
  author =  {Daudin, J.-J. and Picard, F. and Robin, S.},
  title =  {A mixture model for random graphs},
  note =  {{\it under review}},
  OPTkey =  {},
  OPTmonth =  {},
  year =  {2007},
  OPTannote =  {}
}


@TechReport{DPR07-SSB,
  author =  {Daudin, J.-J. and Picard, F. and Robin, S.},
  title =  {A mixture model for random graphs},
  institution =  {INRA-SSB},
  year =  {2007},
  number =  {4},
  note =  {{\tt genome.jouy.inra.fr/ssb/preprint/SSB-RR-4.ermg.pdf}},
}

@Article{DrP07,
  author =  {Drton, M. and Perlman, M. D.},
  title =  {Multiple Testing and Error Control in Gaussian Graphical Model Selection},
  journal =  {Stat. Sci.},
  year =  {2007},
  volume =  {22},
  number =  {3},
  pages =  {430--49},
}

@Article{DVK09,
  title = {Multiple Nuclear Polarization States in a Double Quantum Dot},
  author = {Danon, J.  and Vink, I. T. and Koppens, F. H. L. and Nowack, K. C. and Vandersypen, L. M. K. and Nazarov, Yu. V.},
  journal = {Phys. Rev. Lett.},
  volume = {103},
  number = {4},
  pages = {046601},
  numpages = {4},
  year = {2009},
  month = {Jul},
  doi = {10.1103/PhysRevLett.103.046601},
  publisher = {American Physical Society}
}

@Article{Erd47,
  author =  {Erd{\"o}s, P.},
  title =  {Some remarks on the theory of graphs},
  journal =  {Bull. Am. Math. Soc. },
  year =  {1947},
  volume =  {53},
  pages =  {292--94},
}


@INPROCEEDINGS{Fri97,
    author = {Nir Friedman},
    title = {Learning Belief Networks in the Presence of Missing Values and Hidden Variables},
    booktitle = {Proceedings of the Fourteenth International Conference on Machine Learning},
    year = {1997},
    pages = {125--133},
    publisher = {Morgan Kaufmann}
}

@article{FrM98,
  title={A revolution: Belief propagation in graphs with cycles},
  author={Frey, Brendan J and MacKay, David JC},
  journal={Advances in neural information processing systems},
  pages={479--485},
  year={1998},
  publisher={MORGAN KAUFMANN PUBLISHERS}
}

@article{FoR12,
  title={A tutorial on variational {B}ayesian inference},
  author={Fox, Charles W and Roberts, Stephen J},
  journal={Artificial Intelligence Review},
  volume={38},
  number={2},
  pages={85--95},
  year={2012},
  publisher={Springer}
}

@Article{FNP02,
   Author="Friedman, N.  and Ninio, M.  and Pe'er, I.  and Pupko, T. ",
   Title="{{A} structural {E}{M} algorithm for phylogenetic inference}",
   Journal="J. Comput. Biol.",
   Year="2002",
   Volume="9",
   Number="2",
   Pages="331--353"
}

@inproceedings{GK07,
  author    = {Grochow, J. A.  and Kellis, M.},
  title     = {Network Motif Discovery Using Subgraph Enumeration and Symmetry-Breaking},
  booktitle = {RECOMB},
  year      = {2007},
  pages     = {92-106},
}

@article {GaS11,
    author       = {Gao, Xin and Song, Peter X.-K.},
    title        = {Composite likelihood EM algorithm with applications to multivariate hidden Markov model.},
    year         = {2011},
    journal      = {Statistica Sinica},
    volume       = {21},
    number       = {1},
    issn         = {1017-0405},
    pages        = {165-185},
    publisher    = {Academia Sinica, Institute of Statistical Science, Taipei},
    msc2010      = {62H12 (65C60 62M05)},
    identifier   = {1206.62108},
}

@Article{GDR11,
author = {Gazal, Steven and Daudin, Jean-Jacques and Robin, St\'ephane},
title = {Accuracy of variational estimates for random graph mixture models},
journal = {Journal of Statistical Computation and Simulation},
volume = {82},
number = {6},
pages = {849-862},
year = {2012},
doi = {10.1080/00949655.2011.560117},
URL = {http://www.tandfonline.com/doi/abs/10.1080/00949655.2011.560117},
eprint = {http://www.tandfonline.com/doi/pdf/10.1080/00949655.2011.560117}
}

@article{God60,
author="Godambe, V.P.",
title="{An optimum property of regular maximum likelihood estimation.}",
language="English",
journal="Ann. Math. Stat. ",
volume="31",
pages="1208-1211",
year="1961",
doi={10.1214/aoms/1177705693},
keywords="{statistics}",
}


@Article{GoS10,
  author =  {Gouda, A.A. and Sz\'antai, T.},
  title =  {On numerical calculation of probabilities according to {D}irichlet distribution},
  journal =  {Ann. Oper. Res.},
  year =  {2010},
  volume =  {177},
  pages =  {185--200},
  note =  {DOI: 10.1007/s10479-009-0601-9},
}

@Article{GuB05,
  author =  {Gunawardana, A. and Byrne, W.},
  title =  {Convergence Theorems for Generalized Alternating Minimization Procedures},
  journal =  {J. Mach. Learn. Res.},
  year =  {2005},
  volume =  {6},
  pages =  {2049--73},
}

@Article{Gir08,
  author =  {C. Giraud.},
  title =  {Estimation of Gaussian graphs by model selection},
  journal =  {Electron. J. Statist.},
  year =  {2008},
  volume =  {2},
  number =  {542--63},
}

@Article{GeD04,
  author =  {Getoor, L. and Diehl, C. P.},
  title =  {Link mining: A survey},
  journal =  {SIGKDD Explor.},
  year =  {2004},
  volume =  {7},
  number =  {2},
  pages =  {3--12},
  OPTmonth =  {},
  OPTnote =  {},
  OPTannote =  {}
}

@Article{GiN02,
  author =  {Girvan, M. and Newman, M. E. J.},
  title =  {Community strucutre in social and biological networks},


  journal =  PNAS,
  year =  {2002},
  volume =  {99},
  number =  {12},
  pages =  {7821--6},
  OPTmonth =  {},
  OPTnote =  {},
  OPTannote =  {}
}

@Article{GHV12,
  author = 	 {Giraud, C. and Huet, S. and Verzelen, N.},
  title = 	 {Graph selection with {GGM}select},
  journal = 	 SAGMB,
  year = 	 {2012},
  volume = 	 {11},
  number = 	 {3},
  pages = 	 {1--50},
}

@Article{GoN05,
  author =  {G. Govaert and M. Nadif},
  title =  {An {EM} Algorithm for the Block Mixture Model},
  journal =  {IEEE Trans. Pattern Anal. Machine Intel.},
  year =  {2005},
  OPTkey =  {},
  volume =  {27},
  number =  {4},
  pages =  {643--7},
  OPTmonth =  {April},
  OPTnote =  {},
  OPTannote =  {}
}

@article{Gri01,
  author = {A. Grigoriev},
  title = {A relationship between gene expression and protein interactions
   on the proteome scale: analysis of the bacteriophage T7 and the yeast
   Saccharomyces cerevisiae},
  journal = {NAR},
  volume = {29},
  number = {17},
  pages = {3513--3519},
  year = {2001},
} 

@inproceedings{Hof08,
  title={Modeling homophily and stochastic equivalence in symmetric relational data},
  author={Hoff, P.D.},
  booktitle={Advances in Neural Information Processing Systems},
  pages={657-664},
  year={2008}
}

@article{Hag00,
  title={Centrality testing and the distribution of the degree variance in Bernoulli graphs},
  author={Hagberg, Jan},
  journal={Department of Statistics, Stockholm University},
  year={2000}
}

@article{Hag03a,
  title={General Moments of Degrees in Random Graphs},
  author={Hagberg, Jan},
  journal={Stockholm University, Department of Statistics},
  year={2003}
}

@Article{HFS09,
   Author="Hubisz, M. J.  and Falush, D.  and Stephens, M.  and Pritchard, J. K. ",
   Title="{{I}nferring weak population structure with the assistance of sample group information}",
   Journal="Mol Ecol Resour",
   Year="2009",
   Volume="9",
   Number="5",
   Pages="1322--1332",
   Month="Sep"
}

@article{Hol79,
  title={Structural sociometry},
  author={Holland, Paul W and Leinhardt, Samuel},
  journal={Perspectives on social network research},
  pages={63--83},
  year={1979},
  publisher={Academic Press New York}
}

@Article{HMR99,
  author =  {Jennifer A. Hoeting and David Madigan and Adrian E. Raftery 
                  and Chris T. Volinsky},
  title =  {Bayesian Model Averaging: A Tutorial},
  journal =  SS,
  year =  {1999},
  OPTkey =  {},
  volume =  {14},
  number =  {4},
  pages =  {382--417},
  OPTmonth =  {},
  OPTnote =  {},
  OPTannote =  {}
}

@ARTICLE{HoW08,
  author =       {Hofman, J. M. and Wiggins, C. H.},
  title =        {A Bayesian Approach to Network Modularity},
  journal =      {Physical Review Letters},
  volume =       {100},
  pages =        {258701},
  note =         {{\tt doi:10.1103/PhysRevLett.100.258701}},
  year =         {2008},
}

@InBook{JCG12,
  author =  {Jeanmoungin, M. and Charbonnier, C. and Guedj,
                  M. and Chiquet, J.},
  title =  {Probabilistic graphical models dedicated to
                  applications in genetics, genomics and postgenomics},
  chapter =  {Network inference in breast cancer with Gaussian
                  graphical models and extensions},
  publisher =  {Oxford University Press},
  editor = {C. Sinoquet, R. Mourad},
  year =  {2012}, 
  note = {{\sl under review}}
}

@article{JaJ00,
  title={Bayesian parameter estimation via variational methods},
  author={Jaakkola, Tommi S and Jordan, Michael I},
  journal={Statistics and Computing},
  volume={10},
  number={1},
  pages={25--37},
  year={2000},
  publisher={Springer}
}

@Article{JoH04,
  author =  {Jones, J.H. and Handcock, M.S.},
  title =  {Likelihood-Based inference for stochastic models of sexual network formation}, 
  journal =  {Theoret. Pop. Biol.},
  year =  {2004},
  volume =       {65}, 
  number =       {4},
  pages =        {413--422}
}

@article{JGJ99,
    author = "Michael I. Jordan and Zoubin Ghahramani and Tommi Jaakkola and Lawrence K. Saul",
    title = "An Introduction to Variational Methods for Graphical Models",
    journal = "Machine Learning",
    volume = "37",
    number = "2",
    pages = "183-233",
    year = "1999",
    url = "citeseer.ist.psu.edu/article/jordan98introduction.html" 
}


@TechReport{KGT04,
  author =  {C. Kemp and T.L. Griffiths and J. B. Tenenbaum},
  title =  {Discovering Latent Classes in Relational Data},
  institution =  {{M}assachusett {I}nstitute of {T}echnology - 
           {C}omputer {S}cience and {A}rtificial {I}ntelligence {L}aboratory},
  year =  {2004},
}


@techreport{Ker09,
    hal_id = {inria-00430289},
    url = {http://hal.inria.fr/inria-00430289/en/},
    title = {{Les m{\'e}thodes bay{\'e}siennes variationnelles et leur application en neuroimagerie : une {\'e}tude de l'existant}},
    author = {Keribin, Christine},
    language = {French},
    affiliation = {SELECT - INRIA Saclay - Ile de France - INRIA - Universit{\'e} Paris Sud - Paris XI - CNRS : UMR},
    pages = {25},
    type = {Research Report},
    institution = {INRIA},
    number = {RR-7091},
    year = {2009},
    pdf = {http://hal.inria.fr/inria-00430289/PDF/RR-7091.pdf},
}


@InProceedings{KGS11,
  author =  {Koskas, M. and Grasseau, G. and Schbath, S. and Robin, S. and Birmel\'e, E.},
  title =  {{N}e{M}o: Fast Count Of Network Motifs},
  booktitle = {JOBIM},
  year =  {2011},
}

@Unpublished{LBA10,
  author =  {Latouche, P. and Birmel\'e, E. and Ambroise, C.},
  title =  {A non-asymptotic BIC criterion for stochastic blockmodels},
  note =  {{\it submitted}, Tech. Report, {\tt genome.jouy.inra.fr/ssb/preprint/}, \# 17},
  OPTkey =  {},
  OPTmonth =  {},
  year =  {2010},
  OPTannote =  {}
}

@TechReport{Leg14,
  author = 	 {{Leger}, J.-B.},
  title = 	 {Wmixnet: Software for Clustering the Nodes of Binary and Valued Graphs using the Stochastic Block Model},
  institution =  {arXiv:1402.3410},
  note = "\url{http://www.agroparistech.fr/mia/productions:logiciel:wmixnet}",
  year = 	 2014,
}

@inproceedings{LiJ08,
  title={An asymptotic analysis of generative, discriminative, and pseudolikelihood estimators},
  author={Liang, Percy and Jordan, Michael I},
  booktitle={Proceedings of the 25th international conference on Machine learning},
  pages={584--591},
  year={2008},
  organization={ACM}
}

@Article{LDM14,
   author = {{L\'evy-Leduc}, C. and {Delattre}, M. and {Mary-Huard}, T. and {Robin}, S.},
    title = "{Two-dimensional segmentation for analyzing HiC data}",
  journal = {Bioinformatics},
	pages = {{\it to appear}},
     year = 2014,
     note = {Special issue on ECCB'14},
   annote = {type:ACL author:Delattre author:Levy-Leduc author:Mary-Huard author:Robin}
}

@Article{LVD13,
author={Leger, Jean-Benoist and Vacher, Corinne and Daudin, Jean-Jacques},
  title = 	 {Detection of structurally homogeneous subsets in graphs},
  journal = 	 {Statistics and computing},
year={2013},
pages={1-18},
}

@Article{LaF09,
  title = {Community detection algorithms: A comparative analysis},
  author = {Lancichinetti, Andrea  and Fortunato, Santo },
  journal = {Phys. Rev. E},
  volume = {80},
  number = {5},
  pages = {056117},
  numpages = {11},
  year = {2009},
  month = {Nov},
  doi = {10.1103/PhysRevE.80.056117},
  publisher = {American Physical Society}
}

@INPROCEEDINGS{LBB04,
    author = {Ulrike von Luxburg and Mikhail Belkin and Olivier Bousquet},
    title = {Consistency of spectral clustering},
    booktitle = {},
    year = {2004},
    pages = {857--864},
    publisher = {MIT Press}
}

@Article{LBB08,
author="von Luxburg, Ulrike and Belkin, Mikhail and Bousquet, Olivier",
title="{Consistency of spectral clustering.}",
language="English",
journal="Ann. Stat. ",
volume="36",
number="2",
pages="555-586",
year="2008",
doi={10.1214/009053607000000640},
keywords="{spectral clustering; graph Laplacian; consistency; convergence of
    eigenvectors}",
}

@article{LeK01,
  author =   {Martijn A. R. Leisink and Hilbert J. Kappen},
  title =    {A Tighter Bound for Graphical Models},
  journal =  {Neural Computation},
  volume =   {13},
  number =   {9},
  pages =    {2149-2171},
  year =     {2001},
  url =      {citeseer.ist.psu.edu/article/leisink01tighter.html},
}

@techreport{Leb08,
  author =  {L\E8bre, S.},
  title =  {Inferring dynamic genetic networks with low order independencies},
  institution =  {arXiv:0704.2551v4},
  OPTkey =  {},
  month =  {Apr.},
  year =  {2008},
  OPTannote =  {}
}

% 19222392 
@Article{LeB09,
   Author="L\`ebre, S. ",
   Title="{{I}nferring dynamic genetic networks with low order independencies}",
   Journal="Stat Appl Genet Mol Biol",
   Year="2009",
   Volume="8",
   Pages="Article 9",
   Month="Jan"
}

@Article{LFR08,
  title = {Benchmark graphs for testing community detection algorithms},
  author = {Lancichinetti, Andrea  and Fortunato, Santo  and Radicchi, Filippo },
  journal = {Phys. Rev. E},
  volume = {78},
  number = {4},
  pages = {046110},
  numpages = {5},
  year = {2008},
  month = {Oct},
  doi = {10.1103/PhysRevE.78.046110},
  publisher = {American Physical Society}
}

@Article{LuS07,
  author =  {Lubbers, M. J. and Snijders, T. A. B.},
  title =  {A comparison of various approaches to the exponential random graph model: A reanalysis of 102 student networks in school classes},
  journal =  {Social Networks},
  year =  {2007},
  OPTkey =  {},
  volume =  {29},
  OPTnumber =  {},
  pages =  {489--507},
  OPTmonth =  {},
  OPTnote =  {},
  OPTannote =  {}
}

@Article{MaA03,
  author =  {Mangan, S. and Alon, U.},
  title =  {Structure and function of the feed-forward loop network motif},
  journal =  {PNAS},
  year =  {2003},
  volume =  {100},
  pages =  {11980--11985}
}


@techreport{MaM12,
   author = {{Mariadassou}, M. and {Matias}, C.},
    title = "{Convergence of the groups posterior distribution in latent or stochastic block models}",
  institution = {arXiv:1206.7101},
     year = 2012,
}

@article{MaM15,
  title={Convergence of the groups posterior distribution in latent or stochastic block models},
  author={Mariadassou, Mahendra and Matias, Catherine and others},
  journal={Bernoulli},
  volume={21},
  number={1},
  pages={537--573},
  year={2015},
  publisher={Bernoulli Society for Mathematical Statistics and Probability}
}

@MastersThesis{Mar06,
  author =  {M. Mariadassou},
  title =  {Estimation Param\'etrique dans le mod\`ele {ERMG}},
  school =  {Universit\'e Paris XI / Ecole Nationale Sup\'erieure},
  year =  {2006},
}

@Book{MaR07,
  author =  {J.-M. Marin and Ch. P. Robert},
  title =  {Bayesian Core: A Practical Approach to Computational Bayesian Statistics},
  publisher =  {Springer-Verlag: New-York},
  year =  {2007},
}


@TechReport{MaR14b,
   author = {{Matias}, C. and {Robin}, S.},
    title = "{Modeling heterogeneity in random graphs: a selective review}",
  institution = {arXiv:1402.4296},
     year = 2014,
}


@incollection{MAB10,
   author = {Milreu, Paulo and Acu\~na, Vicente and Birmel\'e, Etienne and Crescenzi, Pierluigi and Marchetti-Spaccamela, Alberto and Sagot, Marie-France and Stougie, Leen and Lacroix, Vincent},
   affiliation = {Laboratoire de Biom\'etrie et Biologie Evolutive, Universit\'e de Lyon, F-69000 Lyon, Universit\'e Lyon 1, CNRS, UMR5558, F-69622 Villeurbanne, France},
   title = {Enumerating Chemical Organisations in Consistent Metabolic Networks: Complexity and Algorithms},
   booktitle = {Algorithms in Bioinformatics},
   series = {Lecture Notes in Computer Science},
   editor = {Moulton, Vincent and Singh, Mona},
   publisher = {Springer Berlin / Heidelberg},
   isbn = {978-3-642-15293-1},
   keyword = {Computer Science},
   pages = {226-237},
   volume = {6293},
   url = {http://dx.doi.org/10.1007/978-3-642-15294-8\_19},
   note = {10.1007/978-3-642-15294-8\_19},
   year = {2010}
}

@BOOK{MaP00,
   author = {McLahan, G. and Peel, D.},
   title= {Finite Mixture Models},
   publisher = {Wiley},
   year = {2000}
   }


@Article{MeB06,
  author =  {Meinshausen, N. and B\"uhlmann, P.},
  title =  {High-dimensional graphs and variable selection with the {LASSO}}, 
  journal =  AS,
  year =  {2006},
  OPTkey =  {},

  volume =  {34},
  number =  {3},
  pages =  {1436--62},
  OPTmonth =  {},
  OPTnote =  {},
  OPTannote =  {}
}

@Article{MaS07,
  author =  {Markowetz, F and Spang, R.},
  title =  {Inferring cellular networks - a review},
  journal =  {{BMC} {B}ioinformatics},
  year =  {2007},
  volume =  {8},
  pages =  {S5},
  note =  {doi:10.1186/1471-2105-8-S6-S5},
}

@Article{MoR95,
  author =  {Molloy, M. and Reed, B.},
  title = {A Critical Point for Random Graphs with a Given Degree
  Sequence},
  journal =  {Rand. Struct. and Algo.},
  year =  1995,
  volume =       6, 
  pages =  {161--179},
}

@Article{MSB06,
  author =  {Matias, C. and Schbath, S. and Birmel\'e, E. and Daudin, J-J and Robin, S.}, 
  title =  {Network motifs: mean and variance for the count},
  journal =  {REVSTAT},
  year =  {2006},
  volume =  {4},
  number =  {1},
  pages =  {1--20},
}

@Article{MSI02,
  author =  {Milo, R. and Shen-Orr, S. and Itzkovitz, S. and Kashtan, N. and Chklovskii, D. and Alon, U.},
  title =  {Networks motifs: simple building blocks of complex networks},
  journal =  {Science},
  year =  {2002},
  volume =  {298},
  pages =  {824-827}
}


@article{NoW88,
  title={Subgraph counts in random graphs using incomplete U-statistics methods},
  author={Nowicki, Krzysztof and Wierman, John C},
  journal={Discrete Mathematics},
  volume={72},
  number={1},
  pages={299--310},
  year={1988},
  publisher={Elsevier}
}

@Article{New04a,
  author =  {Newman, M.E.J.},
  title =  {Detecting community structure in networks},
  journal =  {Eur. Phys. J. B},
  year =  {2004},
  volume =  {38},
  pages =  {321--30},
}

@Article{New04b,
  author =  {Newman, M. E. J.},
  title =  {Coauthorship networks and patterns of scientific collaboration},
  journal =  {Proc. Natl. Acad. Sci. USA},
  year =  {2004},
  volume =  {101},
  pages =  {5200--5},
}

 

@Article{NeG04,
  author =  {Newman, M. and Girvan, M. },
  title =  {Finding and evaluating community structure in networks, },
  journal =  {Phys. Rev. E},
  year =  {2004},
  volume =  {69},
  pages =  {026113},
}

@InBook{New03a,
  author =  {Newman, M. E. J.},
  editor =  {Bornholdt, S. and Schuster, H. G.},
  title =  {Handbook of Graphs and Networks},
  chapter =  {Random graphs as models of networks},
  publisher =  {Wiley-VCH: Berlin},
  year =  {2003},
}


@Article{New03b,
  author =  {Newman, M. E. J.},
  title =  {Mixing patterns in networks},
  journal =  {Phys. Rev.},
  year =  {2003},
  volume =  {E},
  number =  {67},
  pages =  {026126},
}

@Article{New04,
  author =  {Newman, M. E. J.},
  title = {Fast algorithm for detecting community structure in
  networks},
  journal =  {Phys. Rev.},
  year =  {2004},
  volume =  {E},
  number =  {69},
  pages =  {066133}
}

@Article{New04b,
  author =   {Newman, M. E. J.},
  title = {Analysis of weighted networks},
  journal =      {Phys. Rev.},
  year =     {2004},
  volume =   {E},
  number =   {70},
  pages =    {056131},
}

@InBook{NeG03,
  author =  {Newman, M. E. J. and Girvan, M.},
  editor =  {Pastor-Satorras, R. and Rubi, J. and Diaz-Guilera, A.},
  title =  {Statistical Mechanics of Complex Networks},
  chapter =  {Mixing patterns and community structure in networks},
  publisher =  {Springer: Berlin},
  year =  {2003},
}

  
@Article{NWS02,
  author =  {Newman, M. E. J. and Watts, D. J. and Strogatz, S. H.}, 
  title =  {Random graph models of social networks},
  journal =  {PNAS},
  year =  {2002},
  volume =  {99 },
  pages =  {2566--2572}
}

@article{NSW01,
  title={Random graphs with arbitrary degree distributions and their applications},
  author={Newman, Mark EJ and Strogatz, Steven H and Watts, Duncan J},
  journal={Physical Review E},
  volume={64},
  number={2},
  pages={026118},
  year={2001},
  publisher={APS}
}

@article{OrW12,
  title={Gaussian variational approximate inference for generalized linear mixed models},
  author={Ormerod, John T and Wand, MP},
  journal={Journal of Computational and Graphical Statistics},
  volume={21},
  number={1},
  pages={2--17},
  year={2012},
  publisher={Taylor \& Francis Group}
}

@Article{OpS06,
  author =  {Opgen-Rhein, R. and K. Strimmer},
  title =  {Inferring gene dependency networks from genomic longitudinal data: a functional data approach}, 
  journal =  {REVSTAT},
  year =  {2006},
  volume =  {4},
  pages =  {53--65},
}

@article{Ots11,
  title={Moderate deviations of generalized method of moments and empirical likelihood estimators},
  author={Otsu, Taisuke},
  journal={Journal of Multivariate Analysis},
  volume={102},
  number={8},
  pages={1203--1216},
  year={2011},
  publisher={Elsevier}
}


@Book{Par88,
  author =  {Parisi, G.},
  title =  {Statistical Field Theory},
  publisher =  {Addison Wesley, New York), },
  year =  {1988},
}

@techreport{PGF15,
   author = {{Peyrard}, N. and {de Givry}, S. and {Franc}, A. and {Robin}, S. and 
	{Sabbadin}, R. and {Schiex}, T. and {Vignes}, M.},
    title = "{Exact and approximate inference in graphical models: variable elimination and beyond}",
  journal = {ArXiv e-prints},
  institution = {ArXiv:1506.08544},
     year = 2015,
    month = jun,
}

@Article{PMD09,
  author =  {Picard, F. and Miele, V. and Daudin, J.-J. and Cottret, L. and Robin, S.}, 
  title =  {Deciphering the connectivity structure of biological networks using MixNet},
  journal =  {BMC Bioinformatics},
  year =  {2009},
  key =  {10},
  volume =  {Suppl 6},
  pages =  {S17},
  note =  {{\tt doi:10.1186/1471-2105-10-S6-S17}},
  annote =  {}
}

@Article{PSD00,
   Author="Pritchard, J. K.  and Stephens, M.  and Donnelly, P. ",
   Title="{{I}nference of population structure using multilocus genotype data}",
   Journal="Genetics",
   Year="2000",
   Volume="155",
   Number="2",
   Pages="945--959",
   Month="Jun"
}

@Article{PaN03,
  author =  {Park, J. and Newman, M.},
  title =  {The origin of degree correlations in the Internet and other networks},
  journal =  {Phys. Rev. E},
  year =  {2003},
  volume =  {68},
  pages =  {026112},
}

@Article{PaN04,
  author =  {Park, J. and Newman, M.},
  title =  {The statistical mechanics of networks},
  journal =  {Phys. Rev. E},
  year =  {2004},
  volume =  {70},
  pages =  {066117},
}

@InBook{PaR07,
  author =  {Pattison, P. E. and Robins, G. L. },
  title =  {Handbook of Probability Theory with Applications},
  chapter =  {Probabilistic Network Theory},
  publisher =  {Sage Publication},
  year =  {2007}
}

@Article{PDK08,
  author =  {Picard, F. and Daudin, J.-J. and Koskas, M. and Schbath, S. and Robin, S.}, 
  title =  {Assessing the exceptionality of network motifs,},
  journal =  JCB,
  year =  {2008},
  volume =  {15},
  number =  {1},
  pages =  {1--20},
}


@Unpublished{PDM07,
  author =  {Picard, F. and Daudin, J.-J. and Miele, V. and Mariadassou, M. and Robin, S.},
  title =  {A novel framework for random graph models with heterogeneous connectivity structure},
  note =  {{\it submitted}},
  year =  {2007},
}

@Article{PIL05,
  author =  {Prill, R.J. and Iglesias, P. A. and Levchenko, A.},
  title = {Dynamic properties of network motifs contribute to biological network organization},
  journal =  {PLoS Biology},
  year =  {2005},
  volume =  {3},
  number =       {11}
}

@TechReport{MaR07-TR,
  author =  {M. Mariadassou and S. Robin},
  title =  {Uncovering latent structure in valued graphs: a variational approach},
  institution =  {INRA-SSB},
  year =  {2007},
  type =  {Research report},
  number =  {10},
  note =  {{\tt genome.jouy.inra.fr/ssb/preprint/SSB-RR-10.valued-graphs.pdf}}, 
}

@TechReport{RCY10,
   author = {{Rohe}, K. and {Chatterjee}, S. and {Yu}, B.},
    title = "{Spectral clustering and the high-dimensional Stochastic Block Model}",
  institution = {arXiv:1007.1684},
     year = 2010,
}

@TechReport{RPK08,
  title={Network degree distributions},
  author={Robins, Garry and Pattison, Philippa and Koskinen, Johan},
  year = {2008},
  institution={School of Behavioural Science, University of Melbourne}
}

@article{RCY11,
author="Rohe, Karl and Chatterjee, Sourav and Yu, Bin",
title="{Spectral clustering and the high-dimensional stochastic blockmodel.}",
language="English",
journal="Ann. Stat. ",
volume="39",
number="4",
pages="1878-1915",
year="2011",
doi={10.1214/11-AOS887},
abstract="{Summary: Networks or graphs can easily represent a diverse set of
keywords="{latent space model; convergence of eigenvectors; principal components
    analysis}",
classmath="{*62H30 (Statistical classification, etc.)
91D30 (Social networks)
05C90 (Appl. of graph theory)
65C60 (Computational problems in statistics)
}

@Article{RJH07,
  author =  {Ratmann, O. and J\F8rgensen, O. and Hinkley, T. and Stumpf, M. and Richardson, S. and Wiuf, C.},
  title =  {Using Likelihood-Free Inference to Compare Evolutionary Dynamics of the Protein Networks of {\sl {H}. pylori} and {\sl {P}. falciparum}},
  journal =  {PLoS Comput. Biol.},
  year =  {2007},
  OPTkey =  {},
  volume =  {3},
  number =  {11},
  Tpages =  {Nov.},
  OPTmonth =  {},
  OPTnote =  {},
  OPTannote =  {}
}

@Article{RPW02,
   Author="Rosenberg, N. A.  and Pritchard, J. K.  and Weber, J. L.  and Cann, H. M.  and Kidd, K. K.  and Zhivotovsky, L. A.  and Feldman, M. W. ",
   Title="{{G}enetic structure of human populations}",
   Journal="Science",
   Year="2002",
   Volume="298",
   Number="5602",
   Pages="2381--2385",
   Month="Dec"
}

@Article{RSW07,
  author =  {Robins, Garry L., Tom A.B. Snijders, Wang, P. and Handcock, 
M. and Pattison, P.},
  title =  {Recent developments in exponential random graph (p*) models for social networks},
  journal =  {Social Networks},
  year =  {2007},
  OPTkey =  {},
  volume =  {29},
  OPTnumber =  {},
  pages =  {192--215},
}

@inproceedings{SAK07,
  author    = {Janne Sinkkonen and
               Janne Aukia and
               Samuel Kaski},
  title     = {Inferring Vertex Properties from Topology in Large Networks},
  booktitle = {MLG},
  year      = {2007},
  ee        = {http://mlg07.dsi.unifi.it/pdf/13_Sinkkonen.pdf},
  crossref  = {DBLP:conf/mlg/2007},
  bibsource = {DBLP, http://dblp.uni-trier.de}
}

@TechReport{SAK08,
   author = {{Sinkkonen}, J. and {Aukia}, J. and {Kaski}, S.},
    title = "{Component models for large networks}",
  institution = {arXiv:0803.1628},
     year = 2008,
}

@TechReport{StF15,
   author = {{Stoehr}, J. and {Friel}, N.},
    title = "{Calibration of conditional composite likelihood for Bayesian inference on Gibbs random fields}",
  insitution = {arXiv:1502.01997},
     year = 2015,
}


@article{Sun13,
  title={A review of deterministic approximate inference techniques for Bayesian machine learning},
  author={Sun, Shiliang},
  journal={Neural Computing and Applications},
  volume={23},
  number={7-8},
  pages={2039--2050},
  year={2013},
  publisher={Springer}
}


@Article{SaF07,
  author =  {Saul, Z., M. and Filkov, V.},
  title =  {Exploring biological network structure using exponential
random graph models},
  journal =  {Bioinformatics},
  year =  {2007},
  OPTkey =  {},
  volume =  {23},
  number =  {19},
  pages =  {2604--11},
  OPTmonth =  {},
  OPTnote =  {{\tt doi:10.1093/bioinformatics/btm370}},
  OPTannote =  {}
}

@article{Sni81,
  title={The degree variance: An index of graph heterogeneity},
  author={Snijders, Tom AB},
  journal={Social Networks},
  volume={3},
  number={3},
  pages={163--174},
  year={1981},
  publisher={Elsevier}
}

@TechReport{Sni81b,
  title={Maximum value and null moments of the degree variance},
  author={Snijders, Tom},
  year={1981},
  institution={Rijksuniversiteit te Groningen, Mathematisch Instituut}
}

@Book{ScS02,
 author = {Sch\F6lkopf, B. and Smola, A.},
 title = {Learning with kernels},
 publisher = {MIT Press},
 year = {2002}
}

@Article{ScS05,
  author =  {Sch\E4fer, J. and Strimmer, K.},
  title =  {A shrinkage approach to large-scale covariance matrix estimation and implications for functional genomics}, 
  journal =  {Statist.  Appl. Genet. Mol. Biol.},
  year =  {2005},
  volume =  {4},
  number =  {32},
  OPTpages =  {},
}

@article{SMS04,
  author = {Salwinski, L and Miller, CS and Smith, AJ and Pettit, FK and Bowie, 
   JU and  Eisenberg, D}, 
  title =  {The Database of Interacting Proteins: 2004 update},
  journal = NAR,
  number = 32,
  volume =  {Database issue},
  pages = D449-51,
  year = 2004
} 

@Article{SPR06,
  author =  {Snijders, T. A. B. and Pattison, P. and Robins, G. L. and Handcock, M.},
  title =  {New Specifications for Exponential Random Graph Models},
  journal =  {Sociological Methodology},
  year =  {2006},
  volume =  {36},
  pages =  {99--154},
}

@Article{SMM02,
  author =  {Shen-Orr, S. S. and Milo, R. and Mangan, S. and Alon, U.},
  title = {Networks motifs in the transcriptional regulation network
  of {\it {E}scherichia coli}},
  journal =  {Nat. Genetics},
  year =  {2002},
  volume =  {31},
  pages =  {64--68},
}

@Article{SpM03,
  author =  {V. Spirin and L. A. Mirny},
  title =  {Protein complexes and functional modules in molecular networks},
  journal =  PNAS,
  year =  {2003},
  volume =  {100},
  number =  {21},
  pages =  {12123--8},
}

@Article{Sta01,
  author =  {Stark, D.},
  title =  {Compound Poisson approximations of subgraph counts in random graphs}, 
  journal =  {Random Struct. and Algo.},
  year =  {2001},
  volume =  {18},
  number =  {1},
  pages =  {39--60},
}


@Article{SWM05,
  author =  {Stumpf, M.P. and Wiuf, C. and May, R.M.},
  title =  {Subnets of scale-free networks are not scale-free: sampling properties of networks}, 
  journal =  PNAS,
  year =  {2005},
  volume =  {102},
  number =       {12},
  pages =  {4221--24},
}

@TechReport{TFC14,
   author = {{Thiemichen}, S. and {Friel}, N. and {Caimo}, A. and {Kauermann}, G.},
    title = "{Bayesian Exponential Random Graph Models with Nodal RandomEffects}",
  institution = {ArXiv:1407.6895},
     year = 2014,
    month = jul,
   adsurl = {http://adsabs.harvard.edu/abs/2014arXiv1407.6895T},
}

@article{TRM13,
  title={Extremely irregular graphs},
  author={Tavakoli, M and Rahbarnia, F and Mirzavaziri, M and Ashrafi, AR and Gutman, I},
  journal={Kragujevac Journal of Mathematics},
  volume={37},
  number={1},
  pages={135--139},
  year={2013}
}

@article{Tal04,
  title={Testing centralization in random graphs},
  author={Tallberg, Christian},
  journal={Social networks},
  volume={26},
  number={3},
  pages={205--219},
  year={2004},
  publisher={Elsevier}
}

@Article{TaD05,
  author =  {Tanaka,  R. and Doyle, J.},
  title =  {Some protein interaction data do not exhibit power law statistics },
  journal =  {FEBS Lett.},
  year =  {2005},
  volume =  {579},
  number =  {23},
  pages =  {5140--4},
  month =  {Sep}, 
}

@article{TaN13,
  title={Variational inference for generalized linear mixed models using partially noncentered parametrizations},
  author={Tan, Linda SL and Nott, David J},
  journal={Statistical Science},
  volume={28},
  number={2},
  pages={168--188},
  year={2013},
  publisher={Institute of Mathematical Statistics}
}

@InCollection{MaR11,
  author = {Mary-Huard, T. and Robin,  S.},
  year =  {2011},
  Title = {Introduction to Statistical Methods for Complex Systems},
  booktitle ={Handbook of Statistical Systems Biology},
  editor = {M. Stumpf, D. J. Balding, M. Girolami},
  publisher = {Wiley},
  series ={},
  pages = {15--38},
  annote = {type:ChOS author:Mary-Huard author:Robin},
}



@Unpublished{VeV07,
  author =  {Verzelen, N. and Villers, F.},
  title =  {Tests for {Gaussian} graphical models},
  note =  {hal-00193268, version 1},
  OPTkey =  {},
  month =  {Dec.},
  year =  {2007},
  OPTannote =  {}
}

@Article{VSB08,
   Author="Villers, F.  and Schaeffer, B.  and Bertin, C.  and Huet, S. ",
   Title="{{A}ssessing the validity domains of graphical {G}aussian models in order to infer relationships among components of complex biological systems}",
   Journal="Stat Appl Genet Mol Biol",
   Year="2008",
   Volume="7",
   Number="1",
   Pages="Article 14"
}

@Article{Ver12,
author = {Verzelen, N.},
title = {Minimax risks for sparse regressions:
Ultra-high-dimensional phenomenons.},
year = {2012},
journal =  {Electron. J. Stat.},
volume =  {6},
OPTnumber =  {},
pages =  {38--90},
}

@Article{VPD08,
  author =  {Vacher, C. and Piou, D. and Desprez-Loustau, M.-L.},
  title =  {Architecture of an Antagonistic Tree/Fungus Network: 
The Asymmetric Influence of Past Evolutionary History.},
  journal =  {PLoS ONE},
  year =  {2008},
  volume =  {3},
  number =  {3},
  pages =  {1740},
  note =  {{\tt e1740. doi:10.1371/journal.pone.0001740}}
}

@Article{VSB08,
  author =  {F. Villers and B. Schaeffer and C. Bertin and S. Huet},
  title =  {Assessing the Validity Domains of Graphical Gaussian Models in Order to Infer Relationships among Components of Complex Biological Systems},
  journal =  SAGMB,
  year =  {2008},
  volume =  {7},
  number =  {2},
  pages =  {1--34},
}

@article{VRF11,
  added-at = {2011-08-07T18:55:55.000+0200},
  author = {Varin, Cristiano and Reid, Nancy and Firth, David},
  biburl = {http://www.bibsonomy.org/bibtex/219dc051fdee730526c518c1b7b1ddb8b/marsianus},
  institution = {Ca’ Foscari University of Venice, University of Toronto and University of Warwick},
  interhash = {c9c8ea1a6b932ded2abafd9e4b76ed1b},
  intrahash = {19dc051fdee730526c518c1b7b1ddb8b},
  journal = {Statistica Sinica},
  keywords = {Likelihood:composite Likelihood},
  pages = {5-42},
  timestamp = {2011-08-07T18:55:55.000+0200},
  title = {An Overview of Composite Likelihood Methods},
  volume = 21,
  year = 2011
}

@InProceedings{VMG12,
  author = 	 {Vandel, J. and Mangin, B. and de Givry},
  title = 	 {New Local Move Operators for Bayesian Network Structure Learning},
  booktitle = {Proc. Sixth European Workshop on Probabilistic Graphical Models},
  year = 	 {2012},
  address = 	 {Granada, Spain},
}



@Article{VMV12,
  author = 	 {Vandel, J. and Mangin, B. and Vignes, M. and Leroux, D. and Loudet, O. and Martin-Magniette, M.-L. and Simon de Givry S.},
  title = 	 {Inf\'erence de r\'eseaux de r\'egulation de g\`enes au travers de scores \'etendus dans les r\'eseaux Bay\'esiens},
  journal = 	 {Revue d'Intelligence Artificielle},
  year = 	 {2012},
  volume = 	 {26},
  number = 	 {6},
  pages = 	 {679--708},
}


@Article{VVA12,
  author = 	 {Vignes, M. and Vandel, J. and Allouche, D. and Ramadan-Alban, N. and Cierco-Ayrolles, C. and al.},
  title = 	 {Gene Regulatory Network Reconstruction Using Bayesian Networks, the {D}antzig Selector, the {L}asso and Their Meta-Analysis},
  journal = 	 {PLoS ONE},
  year = 	 {2011},
  volume = 	 {6},
  number = 	 {12},
  note = 	 {doi:10.1371/journal.pone.0029165}
}

@Article{WaP96,
  author =  {Wasserman, S. and Pattison, P.},
  title =  {Logit models and logistic regressions for social networks, {I}. {A}n introduction to {M}arkov graphs and p*}, 
  journal =  {Psychometrika},
  year =  {1996},
  volume =  {61},
  pages =  {401--25},
}

@Article{WaS98,
   Author="Watts, D. J.  and Strogatz, S. H. ",
   Title="{{C}ollective dynamics of 'small-world' networks}",
   Journal="Nature",
   Year="1998",
   Volume="393",
   Number="6684",
   Pages="440--442",
   Month="Jun"
}

@Article{WBH06,
  author =  {Wiuf, C. and Brameier, M. and Hagberg, O. and Stumpf, M.P.H.},
  title =  {A likelihood approach to analysis of network data},
  journal =  PNAS,
  year =  {2006},
  OPTkey =  {},
  volume =  {103},
  number =  {20},
  pages =  {7566--70},
  month =  {May},
  OPTnote =  {},
  OPTannote =  {}

}

@Article{WeR06,
   Author="Wernicke, S.  and Rasche, F. ",
   Title="{{F}{A}{N}{M}{O}{D}: a tool for fast network motif detection}",
   Journal="Bioinformatics",
   Year="2006",
   Volume="22",
   Pages="1152--1153",
   Month="May"
}

@Article{WiB08,
   Author="Wille, A.  and Buhlmann, P. ",
   Title="{{L}ow-order conditional independence graphs for inferring genetic networks}",
   Journal="Stat Appl Genet Mol Biol",
   Year="2006",
   Volume="5",
   Pages="Article1"
}

@techreport{WoO13,
   author = {{Wolfe}, P.~J. and {Olhede}, S.~C.},
    title = "{Nonparametric graphon estimation}",
  institution = {arXiv:1309.5936},
     year = 2013,
}

@article{OlW14,
  title={Network histograms and universality of blockmodel approximation},
  author={Olhede, Sofia C and Wolfe, Patrick J},
  journal={Proceedings of the National Academy of Sciences},
  volume={111},
  number={41},
  pages={14722--14727},
  year={2014},
  publisher={National Acad Sciences}
}


@article{WYW05,
  author = {S. Wachi and K. Yoneda and R. Wu},
  title = {Interactome-transcriptome analysis reveals the high centrality
    of genes differentially expressed in lung cancer tissues},
  journal = {Bioinformatics}, 
  volume = {21},
  number = {23},
  pages = {4250--4208},
  year = {2005},
} 

@Unpublished{XTY07,
  author =  {Xu, Z. and Tresp, V. and Yu, S. and Yu, K. and Kriegel, H.-P.},
  title =  {Fast Inference in Infinite Hidden Relational Models},
  note =  {{\tt mlg07.dsi.unifi.it/pdf/27\_Zhao\_Zu.pdf}},
  year =  {2007},
}

@Article{YFW05,
  author =  {Yedidia, J.S. and  Freeman, W.T. and  Weiss, Y.},
  title =  {Constructing free-energy approximations and generalized belief propagation algorithms},
  journal =  {IEEE Information Theory},
  year =  {2005},
  volume =  {15},
  number =  {7},
  pages =  {2282--312},
}

@Article{Zac77,
  author =  {Zachary, W. W.},
  title =  {An information flow model for conflict and fission in small groups},
  journal =  {J. Anthrop. Res.},
  year =  {1977},
  volume =  {33},
  pages =  {452--73},
}

@Article{ZKW05,
  author = {Zhang, V. L. and King, O. D. and Wong, S. L. and Goldberg,
  D. S. and Tong, A. H. Y. and Lesage, G. and Andrews, B. and Bussey,
  H. and Boone, C. and Roth, F. P.},
  title = {Motifs, themes and thematic maps of an integrated {\it
  {S}accharomyces cerevisiae} interaction network},
  journal =  {J. Biol.},
  year =  {2005},
  volume =  {4},
  number =  {2},
  pages =  {1--13},
}

@article{MaR14,
	author = {{Matias, Catherine} and {Robin, St\'ephane}},
	title = {
          Modeling heterogeneity in random graphs through latent space models: a selective
          review        },
	DOI= "10.1051/proc/201447004",
	url= "http://dx.doi.org/10.1051/proc/201447004",
	journal = {ESAIM: Proc.},
	year = 2014,
	volume = 47,
	pages = "55-74",
	month = "",
	annote = {type:ACL author:Robin}
}

@Article{McT07,
  author =  {McGrory, C. A. and Titterington, D. M.},
  title =  {Variational approximations in {B}ayesian model selection for finite mixture distributions}, 
  journal =  CSDA,
  year =  {2007},
  volume =  {51},
  pages =  {5332-67},
}

@Article{McT09,
  author =  {McGrory, C. A. and Titterington, D. M.},
  title =  {Variational {B}ayesian analysis for hidden {M}arkov models},
  journal =  {Austr. \& New Zeal. J. Statist.},
  year =  {2009},
  volume =  {51},
  number =  {2},
  pages =  {227--44},
  annote =  {Tech. report : McT08.pdf}
}

@InProceedings{WaT04,
  author =  {Wang, B. and Titterington, D., M.},
  title =  {Convergence and asymptotic normality of variational Bayesian approximations for exponential family models with missing values},
  booktitle =  {Proc. 20th Conf. Uncertainty in Artificial Intelligence},
  pages =  {577-84},
  year =  {2004},
  volume =  {70},
  series =  {ACM Internat. Conf. Proc.},
  annonte =      {Tech. Rep : WaT04.pdf}
}

@Article{WaT06,
  author =  {Wang, B. and Titterington, D., M.},
  title =  {Convergence properties of a general algorithm for calculating variational Bayesian estimates for a normal mixture model},
  journal =  {Bayes. Anal.},
  year =  {2006},
  volume =  {1},
  number =  {3},
  pages =  {625--50}
}

@Article{MTR08,
  author =  {McGrory, C., A. and Titterington, D., M. and Reeves, R. and Pettitt A., N.},
  title =  {Variational Bayes for estimating the parameters of a hidden Potts model},
  journal =  {Statist. Comput.},
  year =  {2008},
  volume =  {19},
  number =  {3},
  pages =  {329--40},
}

@Book{Guy95,
  author =  {Guyon, X.},
  title =  {Random fields on a network. Modeling, statistics, and applications},
  publisher =  {New York: Springer},
  year =  {1995},
}


@TechReport{Ban08,
 author = {Banerjee, S.},
 title = {Bayesian Linear Model: Gory Details},
 institution = {univ. Minnesota},
 year = {2008},
}

@article{Bes74,
  title={Spatial interaction and the statistical analysis of lattice systems},
  author={Besag, Julian},
  journal={Journal of the Royal Statistical Society. Series B (Methodological)},
  pages={192--236},
  year={1974},
  publisher={JSTOR}
}

@Article{BMT09,
      AUTHOR = {B\'erard, C. and Martin-Magniette, M-L. and To, A. and Roudier, F. and Colot, V. and Robin, S.},
      TITLE = {M\'elanges gaussiens bidimensionnels pour la comparaison de deux \'echantillons de chromatine immunopr\'ecipit\'ee.},
      YEAR = {2009},
      JOURNAL = {La revue de MODULAD},
      VOLUME = {40},
      url={http://www.modulad.fr/archives/numero-40/berard-40/40-res-berard.htm},
annote = {type:ACL author:Martin-Magniette author:B\'erard author:Robin},
      PAGES = {53-68}
}

@article{BTG15,
title = "Network impact on persistence in a finite population dynamic diffusion model: Application to an emergent seed exchange network ",
journal = "Journal of Theoretical Biology ",
volume = "365",
number = "0",
pages = "365 - 376",
year = "2015",
note = "",
issn = "0022-5193",
doi = "http://dx.doi.org/10.1016/j.jtbi.2014.10.032",
url = "http://www.sciencedirect.com/science/article/pii/S0022519314006225",
author = "Pierre Barbillon and Mathieu Thomas and Isabelle Goldringer and Fr\'ed\'eric Hospital and St\'ephane Robin",
keywords = "Metapopulation",
keywords = "Social network",
keywords = "Finite-population model",
keywords = "Sensitivity analysis",
keywords = "Farmer-to-farmer seed diffusion "
}



@InCollection{LeR13,
  author = {Lebarbier, E. and Robin,  S.},
  year =  {2011},
  Title = {	Des statistiques pour d\'etecter les alt\'erations chromosomiques},
  booktitle ={Math\'ematiques : l'explosion continue},
  editor = {{FSMP} and {SFdS} and {SMAI} and {SMF}},
  pages = {135--41},
  annote = {type:ChOS author:Lebarbier author:Robin},
}



@Article{Bes86,
  author =  {Besag, J.},
  title =  {On the Statistical Analysis of Dirty Pictures},
  journal =  JRSSB,
  year =  {1986},
  volume =  {48},
  number =  {3},
  pages =  {259-302},
}



@Article{KAE09,
   Author="Kashani, Z. R.  and Ahrabian, H.  and Elahi, E.  and Nowzari-Dalini, A.  and Ansari, E. S.  and Asadi, S.  and Mohammadi, S.  and Schreiber, F.  and Masoudi-Nejad, A. ",
   Title="{{K}avosh: a new algorithm for finding network motifs}",
   Journal="BMC Bioinformatics",
   Year="2009",
   Volume="10",
   Pages="318"
}

@article{Kal83,
  title={On moderate deviation theory in estimation},
  author={Kallenberg, Wilbert CM and others},
  journal={The Annals of Statistics},
  volume={11},
  number={2},
  pages={498--504},
  year={1983},
  publisher={Institute of Mathematical Statistics}
}


@Article{Kal99,
   Author={Kallenberg, O.},
   Title={Multivariate sampling and the estimation problem for exchangeable arrays},
   Journal={Journal of Theoretical Probability},
   Year=1999,
   Volume=12,
   Number=3,
   Pages={859-883}
}

@article{KeK86,
  title={Large deviations of estimators},
  author={Kester, Arnoldus Dominicus Maria and Kallenberg, Willibrordes Cornelis Maria},
  journal={The Annals of Statistics},
  pages={648--664},
  year={1986},
  publisher={JSTOR}
}

@article{KFE12,
  title={Optimal detection of changepoints with a linear computational cost},
  author={Killick, Rebecca and Fearnhead, Paul and Eckley, IA},
  journal={Journal of the American Statistical Association},
  volume={107},
  number={500},
  pages={1590--1598},
  year={2012},
  publisher={Taylor \& Francis}
}

@Article{Koc81,
  author =  {Kocay, W},
  title =  {An extension of {K}elly\92s lemma to spanning subgraphs},
  journal =  {Congr. Num.},
  year =  {1981},
  volume =  {31},
  pages =  {109--20},
}

@Article{Nue08,
  author =  {G. Nuel},
  title =  {Cumulative distribution function of a geometric {P}oisson distribution},
  journal =  {J. Statis. Comput. Simul.},
  year =  {2008},
  volume =  {78},
  number =  {3},
  pages =  {385--94},
  note =  {DOI: 10.1080/10629360600997371},
}

@Article{Prz07,
   Author="Przulj, N. ",
   Title="{{B}iological network comparison using graphlet degree distribution}",
   Journal="Bioinformatics",
   Year="2007",
   Volume="23",
   Pages="e177--183",
   Month="Jan"
}

@Article{PLV10,
   Author="Palla, G.  and Lovasz, L.  and Vicsek, T. ",
   Title="{{M}ultifractal network generator}",
   Journal="Proc. Natl. Acad. Sci. U.S.A.",
   Year="2010",
   Volume="107",
   Number="17",
   Pages="7640--7645",
   Month="Apr"
}

@Article{KIM04,
   Author="Kashtan, N.  and Itzkovitz, S.  and Milo, R.  and Alon, U. ",
   Title="{{E}fficient sampling algorithm for estimating subgraph concentrations and detecting network motifs}",
   Journal="Bioinformatics",
   Year="2004",
   Volume="20",
   Pages="1746--1758",
   Month="Jul"
}

@article{Kru77,
title = "Three-way arrays: rank and uniqueness of trilinear decompositions, with application to arithmetic complexity and statistics ",
journal = "Lin. Algebra Appli.",
volume = "18",
number = "2",
pages = "95 - 138",
year = "1977",
note = "",
issn = "0024-3795",
doi = "http://dx.doi.org/10.1016/0024-3795(77)90069-6",
url = "http://www.sciencedirect.com/science/article/pii/0024379577900696",
author = "Joseph B. Kruskal"
}

@techreport{Rho09,
   author = {{Rhodes}, J.~A.},
    title = "{A concise proof of Kruskal's theorem on tensor decomposition}",
  institution = {arXiv:0901.1796},
     year = 2009,
}

@Article{Bir09a,
  author = 	 {Birmel\'e, E.},
  title = 	 {A scale-free graph model based on bipartite graphs},
  journal = 	 {Dicrete Appl. Math.},
  year = 	 {2009},
  volume = 	 {157},
  number = 	 {10},
  pages = 	 {2267--84},
}

@InProceedings{Bir09b,
  author =  {E. Birmel\'e},
  title =  {Detection of network motifs by local concentration},
  booktitle =  {JOBIM},
  OPTpages =  {},
  year =  {2009},
  note =  {\url{www.citebase.org/abstract?id=oai:arXiv.org:0904.0365}},
}

@Article{Bir12,
  author = 	 {E. Birmel\'e},
  title = 	 {Detection of network motifs by local concentration},
  journal = 	 EJS,
  year = 	 {2012},
  volume = 	 {6},
  pages = 	 {908--33},
}



@Article{WOB03,
   Author="Wuchty, S.  and Oltvai, Z. N.  and Barab\'asi, A. L. ",
   Title="{{E}volutionary conservation of motif constituents in the yeast protein interaction network}",
   Journal="Nat. Genet.",
   Year="2003",
   Volume="35",
   Pages="176--179",
   Month="Oct"
}

@Article{BhL09,
   Author="Bhardwaj, N.  and Lu, H. ",
   Title="{{C}o-expression among constituents of a motif in the protein-protein interaction network}",
   Journal="J Bioinform Comput Biol",
   Year="2009",
   Volume="7",
   Pages="1--17",
   Month="Feb"
}

@Article{ChD06,
   Author="Chen, Y.  and Dokholyan, N. V. ",
   Title="{{T}he coordinated evolution of yeast proteins is constrained by functional modularity}",
   Journal="Trends Genet.",
   Year="2006",
   Volume="22",
   Pages="416--419",
   Month="Aug"
}

@techreport{ChD11,
   author = {{Chatterjee}, S. and {Diaconis}, P.},
    title = "{Estimating and Understanding Exponential Random Graph Models}",
  institution = {arXiv:1102.2650},
     year = 2011,
}


@Article{PPH03,
   Author="Papp, B.  and P\'al, C.  and Hurst, L. D. ",
   Title="{{D}osage sensitivity and the evolution of gene families in yeast}",
   Journal="Nature",
   Year="2003",
   Volume="424",
   Pages="194--197",
   Month="Jul"
}

@Article{Bir09a,
  author =  {E. Birmel\'e},
  title =  {A scale-free graph model based on bipartite graphs},
  journal =  {Disc. Appl. Math.},
  year =  {2009},
  volume =  {157},
  number =  {10},
  pages =  {2267-84},
}


@Article{LFS06,
   Author="Lacroix, V.  and Fernandes, C.G.  and Sagot, M. F. ",
   Title="{{M}otif search in graphs: application to metabolic networks}",
   Journal="IEEE/ACM Trans Comput Biol Bioinform",
   Year="2006",
   Volume="3",
   Pages="360--8"
}

@InProceedings{LFS05,
  author =  {Lacroix, V. and Fernandes, C.G. and Sagot, M.-F.},
  title =  {Reaction motifs in metabolic networks},
  booktitle =  {Proceedings of WABI 2005},

  year =  {2005},
  volume =  {3692},
  series =  {Algorithm in Bioinformatics},
  publisher = {Lecture notes in Computer Science},
}

@Article{ZhQ05,
   Author="Zhu, D.  and Qin, Z. S. ",
   Title="{{S}tructural comparison of metabolic networks in selected single cell organisms}",
   Journal="BMC Bioinformatics",
   Year="2005",
   Volume="6",
   Pages="8"
}

@article{ZhS12,
  added-at = {2012-05-15T00:00:00.000+0200},
  author = {Zhang, Yi and Schneider, Jeff},
  biburl = {http://www.bibsonomy.org/bibtex/2b15d294f4c2435df9479d1613fb6b9c5/dblp},
  ee = {http://jmlr.csail.mit.edu/proceedings/papers/v22/zhang12b.html},
  interhash = {0f58b184a2bdca9324f251d2ffd842cb},
  intrahash = {b15d294f4c2435df9479d1613fb6b9c5},
  journal = {Journal of Machine Learning Research - Proceedings Track},
  keywords = {dblp},
  pages = {1407-1415},
  timestamp = {2012-05-15T00:00:00.000+0200},
  title = {A Composite Likelihood View for Multi-Label Classification.},
  url = {http://dblp.uni-trier.de/db/journals/jmlr/jmlrp22.html#ZhangS12},
  volume = 22,
  year = 2012
}

@Article{WZC06,
   Author="Wang, Z.  and Zhu, X. G.  and Chen, Y.  and Li, Y.  and Hou, J.  and Li, Y.  and Liu, L. ",
   Title="{{E}xploring photosynthesis evolution by comparative analysis of metabolic networks between chloroplasts and photosynthetic bacteria}",
   Journal="BMC Genomics",
   Year="2006",
   Volume="7",
   Pages="100"
}

@Article{PKA07,
   Author="Parter, M.  and Kashtan, N.  and Alon, U. ",
   Title="{{E}nvironmental variability and modularity of bacterial metabolic networks}",
   Journal="BMC Evol. Biol.",
   Year="2007",
   Volume="7",
   Pages="169"
}

@Book{Lau96,
  author =  {Lauritzen, S.L.},
  title =  {Graphical Models},
  publisher =  {Clarendon Press},
  year =  {1996},
  series =  {Oxford Statistical Science Series},
}

@Article{WiB05,
  author =  {Winn, J. M.  and Bishop, C. },
  title =  {Variational Message Passing},
  journal =  {J. Mach. Learn. Res.},
  year =  {2005},
  number =  {6},
  pages =  {661--694},
}


@InBook{YFW03,
  author =  {Jonathan S. Yedidia and William T. Freeman and Yair Weiss},
  title =  {Exploring Artificial Intelligence in the New Millenium},
  chapter =  {Understanding Belief Propagation and its Generalizations},
  publisher =  {Science \& Technology Books},
  year =  {2003},
  pages =  {239--236},
}

@book{Mck03,
author    = {David J.C. MacKay},
title     = {Information Theory, Inference, and Learning Algorithms},
year      = {2003},
publisher = {Cambridge University Press},
}

@Book{ApS01,
  editor =  {Opper, M. and Saad, D.},
  title =  {Advanced mean field methods: Theory and practice},
  publisher =  {The {MIT} Press},
  year =  {2001},
}

@InBook{OpW01,
  author =  {Opper, M. and Winther, O.},
  title =  {Advanced mean field methods: Theory and practice},
  chapter =  {From Naive Mean Field Theory to the TAP Equations},
  publisher =  {The {MIT} Press},
  year =  {2001},
}


@Article{Bes74,
  author =  {Besag, J.},
  title =  {Spatial interaction and the statistical analysis of lattice systems (with discussion)},
  journal =  {J. of Royal Statist. Soc., series B},
  year =  {1974},
  volume =  {36},
  number =  {2},
  pages =  {192--326},
}

@Book{CMR05,
  author =  {Capp\'e, O. and Moulines, E. and Ryd\`en, T.},
  title =  {Inference in Hidden Markov Models},
  publisher =  {Springer},
  year =  {2005},
}

@Article{SLS09,
   Author="Schbath, S.  and Lacroix, V.  and Sagot, M. F. ",
   Title="{{A}ssessing the exceptionality of coloured motifs in networks}",
   Journal="EURASIP J Bioinform Syst Biol",
   Year="2009",
   Pages="616234"
}

@inproceedings{XJR03,
  author =       {Xing, E. and Jordan, M. and Russell, S.},
  title =        {A Generalized Mean Field Algorithm for Variational
                  Inference in Exponential Families},
  booktitle =    {Proceedings of the 19th Annual Conference on Uncertainty
                  in Artificial Intelligence (UAI-03)},
  publisher =    {Morgan Kaufmann Publishers},
  address =      {San Francisco, CA},
  year =         {2003},
  pages =        {583-591},
  annote =       {Justification de l'approximation champ moyen. Le papier
                  montre que sous certaines conditions de factorisabilit,
                  la probabilite a posteriori du graphe (distribution a
                  posteriori) se retrouve via l'approximation champ
                  moyen. Le papier justifie aussi que l'inference de la
                  distribution via l'approximation en question converge
                  vers la distribution champ moyen.},
}


@article{DSY12,
  title={Topological domains in mammalian genomes identified by analysis of chromatin interactions},
  author={Dixon, Jesse R and Selvaraj, Siddarth and Yue, Feng and Kim, Audrey and Li, Yan and Shen, Yin and Hu, Ming and Liu, Jun S and Ren, Bing},
  journal={Nature},
  volume={485},
  number={7398},
  pages={376--380},
  year={2012},
  publisher={Nature Publishing Group}
}

@TechReport{Fel14,
   author = {{Fellows}, I.~E},
    title = "{Why (and When and How) Contrastive Divergence Works}",
  institution = {arXiv:1405.0602},
     year = 2014,
}

@book{felsenstein2004,
	Address = {Suderland, USA},
	Author = {Joseph Felsenstein},
	Date-Added = {2008-03-06 20:18:31 -0300},
	Date-Modified = {2015-11-24 16:55:28 +0000},
	Publisher = {Sinauer Associates},
	Title = {{Inferring Phylogenies}},
	Year = {2004},
	Bdsk-Url-1 = {http://www.bibsonomy.org/bibtex/20c67e695a779757deeeac393417ed520/dalbem}}

@article{Fel85,
	Added-At = {2013-08-02T22:19:19.000+0200},
	Author = {Joseph Felsenstein},
	Bdsk-Url-1 = {http://www.jstor.org/stable/2461605;\%20http://www.bibsonomy.org/bibtex/248159792ec9a28ee896a09b00dfe9227/peter.ralph},
	Bdsk-Url-2 = {http://www.jstor.org/stable/2461605;\%20http://www.bibsonomy.org/bibtex/248159792ec9a28ee896a09b00dfe9227/peter.ralph},
	Date-Modified = {2015-11-24 16:52:56 +0000},
	Interhash = {b82102148459ca2d0d22e36f5840d951},
	Intrahash = {48159792ec9a28ee896a09b00dfe9227},
	Issn = {00030147},
	Journal = {The American Naturalist},
	Keywords = {comparative\_method multivariate\_gaussian original phylogenetics tree},
	Language = {English},
	Localfile = {/home/bastide/Dropbox/Bastide_Stage_2014/Biblio/Felsenstein_1985.pdf},
	Month = January,
	Number = {1},
	Pages = {1--15},
	Publisher = {The University of Chicago Press for The American Society of Naturalists},
	Title = {{Phylogenies and the Comparative Method}},
	Volume = {125},
	X-Fetchedfrom = {Bibsonomy},
	Year = {1985}
	}

@article{FRS09,
  title={Chromatin conformation signatures of cellular differentiation},
  author={Fraser, James and Rousseau, Mathieu and Shenker, Solomon and Ferraiuolo, Maria A and Hayashizaki, Yoshihide and Blanchette, Mathieu and Dostie, Jos{\'e}e},
  journal={Genome Biol},
  volume={10},
  number={4},
  pages={R37},
  year={2009}
}


@TechReport{Hag00,
  title={Centrality testing and the distribution of the degree variance in {B}ernoulli graphs},
  author={Hagberg, Jan},
  institution={Department of Statistics, Stockholm University},
  year={2000}
}

@TechReport{Hag03a,
  title={General Moments of Degrees in Random Graphs},
  author={Hagberg, Jan},
  institution={Stockholm University, Department of Statistics},
  year={2003}
}

@TechReport{Hag03b,
  title={Extreme Values and Other Attained Values of the Degree Variance in Graphs},
  author={Hagberg, Jan},
  institution={Stockholm University, Department of Statistics},
  year={2003}
}

@article{HOW11,
  title={THEORY OF GAUSSIAN VARIATIONAL APPROXIMATION FOR A POISSON MIXED MODEL},
  author={Hall, Peter and Ormerod, JT and Wand, MP},
  journal={Statistica Sinica},
  volume={21},
  pages={369--389},
  year={2011}
}

@article{HDQ13,
  title={Bayesian inference of spatial organizations of chromosomes},
  author={Hu, Ming and Deng, Ke and Qin, Zhaohui and Dixon, Jesse and Selvaraj, Siddarth and Fang, Jennifer and Ren, Bing and Liu, Jun S},
  journal={PLoS computational biology},
  volume={9},
  number={1},
  pages={e1002893},
  year={2013},
  publisher={Public Library of Science}
}

@article{Hoc01,
  title={An efficient algorithm for image segmentation, Markov random fields and related problems},
  author={Hochbaum, Dorit S},
  journal={Journal of the ACM (JACM)},
  volume={48},
  number={4},
  pages={686--701},
  year={2001},
  publisher={ACM}
}

@article{KMH11,
  title={Exploration of HiC data},
  author={Klein, Felix and Marioni, John and Huber, Wolfgang},
  year={2012}
}

@article{LBW09,
  title={Comprehensive mapping of long-range interactions reveals folding principles of the human genome},
  author={Lieberman-Aiden, Erez and van Berkum, Nynke L and Williams, Louise and Imakaev, Maxim and Ragoczy, Tobias and Telling, Agnes and Amit, Ido and Lajoie, Bryan R and Sabo, Peter J and Dorschner, Michael O and others},
  journal={science},
  volume={326},
  number={5950},
  pages={289--293},
  year={2009},
  publisher={American Association for the Advancement of Science}
}

@article{NLS13,
  title={Spatial partitioning of the regulatory landscape of the X-inactivation centre},
  author={Nora, Elph{\`e}ge P and Lajoie, Bryan R and Schulz, Edda G and Giorgetti, Luca and Okamoto, Ikuhiro and Servant, Nicolas and Piolot, Tristan and van Berkum, Nynke L and Meisig, Johannes and Sedat, John and others},
  journal={Nature},
  volume={485},
  number={7398},
  pages={381--385},
  year={2012},
  publisher={Nature Publishing Group}
}

@article{PSS13,
  title={Architectural Protein Subclasses Shape 3D Organization of Genomes during Lineage Commitment},
  author={Phillips-Cremins, Jennifer E and Sauria, Michael EG and Sanyal, Amartya and Gerasimova, Tatiana I and Lajoie, Bryan R and Bell, Joshua SK and Ong, Chin-Tong and Hookway, Tracy A and Guo, Changying and Sun, Yuhua and others},
  journal={Cell},
  year={2013},
  publisher={Elsevier}
}

@article{WiN12,
  title={On the assessment of statistical significance of three-dimensional colocalization of sets of genomic elements},
  author={Witten, Daniela M and Noble, William Stafford},
  journal={Nucleic acids research},
  volume={40},
  number={9},
  pages={3849--3855},
  year={2012},
  publisher={Oxford Univ Press}
}

@article{XWK11,
  title={Modeling three-dimensional chromosome structures using gene expression data},
  author={Xiao, Guanghua and Wang, Xinlei and Khodursky, Arkady B},
  journal={Journal of the American Statistical Association},
  volume={106},
  number={493},
  year={2011}
}

@article{dempster1977maximum,
  title={Maximum likelihood from incomplete data via the EM algorithm},
  author={Dempster, Arthur P and Laird, Nan M and Rubin, Donald B},
  journal={Journal of the Royal Statistical Society. Series B (Methodological)},
  pages={1--38},
  year={1977},
  publisher={JSTOR}
}

@InProceedings{ZLD12,
  title={Lognormal and gamma mixed negative binomial regression},
  author={Zhou, Mingyuan and Li, Lingbo and Dunson, David and Carin, Lawrence},
 booktitle = {Proceedings of the 29th International Conference on Machine Learning (ICML)},
 year = {2012},
}

