@string{AAP="Ann. Appl. Prob."}
@string{AIHP="Ann. Inst. Henri Poincar\'e"}
@string{AISM="Ann. Inst. Statist. Math."}
@string{AP="Ann. Prob."}
@string{AS="Ann. Statist."}
@string{AdAP="Adv. Appl. Prob."}
@string{ApS="Appl. Statist."} 
@string{AnAP="Ann. Appl. Prob."}
@string{BMB="Bull. Math. Biol"}
@string{MCAP="Method. Comput. Appl. Prob."}
@string{BMCB="BMC Bioinformatics"}
@string{CABIOS="Comp. Applic. Biosci."}
@string{CC="Computer Chem."}
@string{CRAS="C.-R. Acad. Sciences"}
@string{CSDA="Comput. Statist. and Data Analysis"}
@string{ESAIM="ESAIM: Probability and Statistics"}
@string{JAM="J. Analyse Math."}
@string{JAP="J. Appl. Prob."}
@string{JASA="J. Amer. Statist. Assoc."}
@string{JBSD="J. Biomol. Struct. Dynamics"}
@string{JCB="J. Comp. Biol."}
@string{JCTA="J. Combinatorial Theory A"}
@string{JMB="J. Mol. Biol."}
@string{JMLR="J. Machine Learn. Res."}
@string{JME="J. Mol. Evol"}
@string{JTB="J. Theor. Biol."}
@string{JRSSB="J. R. Statist. Soc. B"}
@string{JRSSC="J. R. Statist. Soc. C"}
@string{MBE="Mol. Biol. Evol."}
@string{MPCPS="Math. Proc. Camb. Phil. Soc."}
@string{NAR="Nucl. Acids Res."}
@string{PNAS="Proc. Natl. Acad. Sci. USA"}
@string{PTRF="Prob. Theory Rel. Fields"}
@string{P="Preprint"}
@string{PSI="Prob. Statist. Inference"}
@string{RTB="INRA, Biom\'etrie"}
@string{SPA="Stoch. Proc. Appl."}
@string{SPL="Statist. Prob. Letters"}
@string{SS="Statistical Science"}
@string{SSB="INRA-Statistics for System Biology group"}
@string{SSI="Statistica Sinica"}
@string{TPA="Theory Prob. Appl."}
@string{ZW="Z. Wahrscheinlichkeit"}

@Article{ABB00,
 author = {Alter, O. and Brown, P. O. and Botstein, D.},
 title = {Singular value decomposition for genome-wide expression data processing and modeling },
 journal = PNAS,
 year = {2000},
 volume = {97},
 number = {18},
 pages = {10101--10106},
 OPTmonth = {August}
}

@article{APP05,
  title={Representations of the First Hitting Time Density of an {O}rnstein-{U}hlenbeck Process 1},
  author={Alili, L and Patie, P and Pedersen, Jesper Lund},
  journal={Stochastic Models},
  volume={21},
  number={4},
  pages={967--980},
  year={2005},
  publisher={Taylor \& Francis}
}

@TechReport{ClL12,
  author =  {Cleynen, A. and Lebarbier, E.},
  title =  {Poisson model selection},
  institution =  {{A}r{X}iv},
  year =  {2012},
  OPTkey =  {},
  OPTtype =  {},
  OPTnumber =  {},
  OPTaddress =  {},
  OPTmonth =  {},
  OPTnote =  {},
  OPTannote =  {}
}

% 17157792 
@Article{CDF06,
   Author="Chin, K.  and DeVries, S.  and Fridlyand, J.  and Spellman,
                  P. T.  and Roydasgupta, R.  and Kuo, W. L.  and
                  Lapuk, A.  and Neve, R. M.  and Qian, Z.  and Ryder,
                  T.  and Chen, F.  and Feiler, H.  and Tokuyasu, T.
                  and Kingsley, C.  and Dairkee, S.  and Meng, Z.  and
                  Chew, K.  and Pinkel, D.  and Jain, A.  and Ljung,
                  B. M.  and Esserman, L.  and Albertson, D. G.  and
                  Waldman, F. M.  and Gray, J. W. ",
   Title="{{G}enomic and transcriptional aberrations linked to breast
                  cancer pathophysiologies}",
   Journal="Cancer Cell",
   Year="2006",
   Volume="10",
   Number="6",
   Pages="529--541",
   Month="Dec"
}

@article{CDR13,
  title={Comparing Segmentation Methods for Genome Annotation Based on RNA-Seq Data},
  author={Cleynen, A. and Dudoit, A. and Robin, S.},
  journal={Journal of Agricultural, Biological, and Environmental Statistics},
  pages={1--18},
  year={2013},
  publisher={Springer}, 
  annote = {type:ACL  author:Cleynen author:Robin}
}


@INPROCEEDINGS{C0C00,
  author = {L. Couvreur and C. Couvreur},
  title = {Wavelet based non-parametric {HMM}s: theory and methods},
  booktitle = {ICASSP '00 Proceedings},
  year = {2000},
  pages = {604--607}
}




@Article{CaM04,
  author =  {Caussinus, H. and Mestre, O.},
  title =  {Detection and correction of artificial shifts in climate
series},
  journal =  {Appl. Statist.},
  year =  {2004},
  volume =  {53},
  number =  {3},
  pages =  {405--25},
}

@Article{CeR08,
  author =  {C\'elisse, A. and Robin, S.},
  title =  {Nonparametric density estimation by explicit leave-p-out cross-validation},
  journal =  CSDA,
  year =  {2008},
  volume =  {52},
  number =  {5},
  pages =  {2350--68},
  annote =      {type:ACL author:C\'elisse author:Robin}
}

@Article{CKL14,
AUTHOR = {Cleynen, A. and Koskas, M. and Lebarbier, E. and Rigaill, G. and Robin, S.},
TITLE = {Segmentor3IsBack: an R package for the fast and exact segmentation of Seq-data},
JOURNAL = {Algorithms for Molecular Biology},
VOLUME = {9},
YEAR = {2014},
NUMBER = {1},
PAGES = {6},
URL = {http://www.almob.org/content/9/1/6},
DOI = {10.1186/1748-7188-9-6},
PubMedID = {24612691},
ISSN = {1748-7188},
ABSTRACT = {BACKGROUND:Change point problems arise in many genomic analyses such as the detection of copy number variations or the detection of transcribed regions. The expanding Next Generation Sequencing technologies now allow to locate change points at the nucleotide resolution.RESULTS:Because of its complexity which is almost linear in the sequence length when the maximal number of segments is constant, and as its performance had been acknowledged for microarrays, we propose to use the Pruned Dynamic Programming algorithm for Seq-experiment outputs. This requires the adaptation of the algorithm to the negative binomial distribution with which we model the data. We show that if the dispersion in the signal is known, the PDP algorithm can be used, and we provide an estimator for this dispersion. We describe a compression framework which reduces the time complexity without modifying the accuracy of the segmentation. We propose to estimate the number of segments via a penalized likelihood criterion. We 
illustrate the performance of the proposed methodology on RNA-Seq data.CONCLUSIONS:We illustrate the results of our approach on a real dataset and show its good performance. Our algorithm is available as an R package on the CRAN repository.},
annote = {type:ACL  author:Cleynen author:Koskas author:Lebarbier author:Robin}
}

@techreport{CKL12,
   author = {{Cleynen}, A. and {Koskas}, M. and {Lebarbier}, E. and {Rigaill}, G. and {Robin}, S.},
    title = "{Segmentor3IsBack: an R package for the fast and exact segmentation of Seq-data}",
  institution = {arXiv:1204.5564},
     year = 2012,
}

@Article{ClL14,
 author = {Cleynen, A. and Lebarbier, E.},
 title = {Segmentation of the Poisson and negative binomial rate models: a penalized estimator},
 journal = {ESAIM: PS},
 year = {2014},
 volume = {18},
 pages = {750--69},
 OPTurl = {DOI: http://dx.doi.org/10.1051/ps/2014005},
}

@techreport{ClL13,
   author = {{Cleynen}, A. and {Lebarbier}, E.},
    title = "{Segmentation of the Poisson and negative binomial rate models: a penalized estimator}",
  institution = {arXiv:1301.2534},
     year = 2013,
}

@techreport{ClR13,
   author = {{Cleynen}, A. and {Robin}, S.},
    title = "{Comparing change-point locations of independent profiles with application to gene annotation}",
  institution = {arXiv:1307.3146},
     year = 2013,
}

@article{ClR14,
  year={2014},
  issn={0960-3174},
  journal={Statistics and Computing},
  doi={10.1007/s11222-014-9492-y},
  title={Comparing change-point location in independent series},
  url={http://dx.doi.org/10.1007/s11222-014-9492-y},
  publisher={Springer US},
  keywords={Segmentation; Change-point comparison; Credibility intervals; Bayesian inference; Negative binomial},
  author={Cleynen, A. and Robin, S.},
  pages={1-14},
  language={English},    
  annote = {type:ACL author:Cleynen author:Robin}
}

@article{CXZ11,
  author={Chen, H. and Xing, H. and Zhang, N.R.},
  title={Estimation of Parent Specific {DNA} Copy Number in Tumors using High-Density Genotyping Arrays},
  year={2011},
  journal={PLoS Comput. Biol.},
  volume={7},
  number={1},
  pages={1-15},
}



@Article{ABD04,
 author = {Aubert, J. and Bar-Hen, A. and Daudin, J.-J. and Robin, S.},
 title = {Determination of the regulated genes in microarray experiments using local {FDR}},
 journal = BMCB,
 year = {2004},
 volume = {5},
 number = {125},
 pages = {1},
 note = {{\tt www.biomedcentral.com/1471-2105/5/125/}},
}

@InProceedings{AcR01,
 author = {Acuna, E. and Rojas, A.},
 title = {Bagging classifiers based on kernel density estimators},
 booktitle = {Proceedings of the International Conference on New
 Trends in Computational Statistics with Biomedical Applications},
 publisher = {Osaka University, Japan},
 year = {2001},
}


@Article{AED00,
 author = {Alizadeh, A. and Eisen, M. and Davis, R. E. and Ma,
 C. A. and Lossos, I. and Rosenwald, A. and Boldrick, J. and Sabet,
 H. and Tran, T . and Yu, X. and Powell, J. and Yang, L. and Marti,
 G. and Moore, T. and Hudson, J. and Chan, W. C. and Greiner,
 T. C. and Weissenberger, D. D. and Armitage, J. O. and Levy, R. and
 Grever, M. R. and Byrd, J. C. and Botstein, D. and Brown, P. O. and
 Staudt, L. M.},
 title = {Distinct types of diffuse large {B}-cell lymphoma
 identified by gene expression profiling},
 journal = {Nature},
 year = {2000},
 volume = {403},
 pages = {503--511},
 annote = {exemple de classification supervis\'ee}
}


@Article{AGH02,
 author = {Allison, D. B. and Gadbury, G. and Heo, M. and Fernandez, J. and Lee, C.-K. and Prolla, T. A. and Weindruch, R. A },
 title = {Mixture Model Approach For The Analysis Of Microarray Gene Expression Data},
 journal = CSDA,
 year = {2002},
 volume = {39},
 pages = {1--20},
}

@Article{AHK03,
 author = {Autio, R. and Hauteniemi, S. and Kauraniemi, P. Yli-Harja, O. and Astola, J. and Wolf, M. and Kallioniemi, A.},
 title = {{CGH}-plotter: {MATLAB} toolbox fir {CGH}-data analysis},
 journal = {Bioinformatics},
 year = {2003},
 volume = {13},
 pages = {1714--1715},
}

@article{Aka74,
  title={A new look at the statistical model identification},
  author={Akaike, Hirotugu},
  journal={Automatic Control, IEEE Transactions on},
  volume={19},
  number={6},
  pages={716--723},
  year={1974},
  publisher={Ieee}
}

@Article{AmM02,
 author = {Ambroise, C. and McLachlan, G. J.},
 title = {Selection bias in gene extraction on the basis of microarray gene-expression data},
 journal = PNAS,
 year = {02},
 volume = {99},
 number = {10},
 pages = {6562--6566}
}

@BOOK (And73,
 AUTHOR = "Anderberg, H. H.",
 TITLE = "Cluster Analysis for Applications",
 PUBLISHER = {Academic Press} ,
 YEAR = 1973)

@Book{And03,
 author = {Anderson, T. W.},
 ALTeditor = {},
 title = {An introduction to multivariate statistical analysis},
 publisher = {Wiley},
 year = {2003},
 series = {Series in Probability and Statistics},
 edition = {3},
 annote = {This is the third extended edition of the very famous book
 on multivariate statistical analysis. It reacts on recent
 developments in the area. The book traditionally concentrates on
 the methodology. The third edtion covers y or more extensively
 the following items: \par 1. Patterns of dependence and graphical
 models, Chapter 15). \par 2. Measures of correlation and tests of
 independence. \par 3. Reduced rank regression, including the
 limit-information maximum-liklihood estimator of an equation in a
 simultaneous equations model (Chapter 12 and 13). \par
 4. Elliptically contoured distributions. The elliptically
 contoured are introduced as a generalization of normal
 distribution and many results for normal distributions are
 extended this type of distribution - most of the chapters contains
 one section with such an extension. As the author admits that due
 to the space limit this edition does not reflect fast development
 in some areas, e.g. resampling method and nonparametric technique
 in multivariate analysis. The book belongs among classical famous
 texbook and in its present form takes into account development
 during the last 20 years. The book traditionally concentrates on
 the methodology. It is assumed that the reader is familiar with
 basic statistical concepts. The book is really well written. This
 edition will be certainly welcomed not only by professional
 statisticians and students of statistics but also users of
 statistical methods.} }

@Book{BaH02,
 author = {Baldi, P. and Hatfield, G. W.},
 title = {DNA Microarrays and Gene Expression:
 From Experiments to Data Analysis and Modeling},
 publisher = {Cambridge University Press},
 year = {2002}
}

@Article{BMB11,
  title={Unsupervised classification for tiling arrays: {C}h{IP}-chip and transcriptome},
  author={B{\'e}rard, C. and Martin-Magniette, M.-L. and Brunaud, V. and Aubourg, S. and Robin, S. and others},
  journal={Statistical applications in genetics and molecular biology},
  volume={10},
  number={1},
  year={2011},
  pages = {1--22}, 
  publisher={Berkeley Electronic Press}
}

@ARTICLE{BCH09,
  author = {Benaglia, Tatiana and Chauveau, Didier and Hunter, David R},
  title = {An {EM}-like algorithm for semi-and nonparametric estimation in multivariate
	mixtures},
  journal = {Journal of Computational and Graphical Statistics},
  year = {2009},
  volume = {18},
  pages = {505--26},
  number = {2},
  publisher = {American Statistical Association}
}

@Article{BMV06,
  title={Semiparametric estimation of a two-component mixture model},
  author={Bordes, Laurent and Mottelet, St{\'e}phane and Vandekerkhove, Pierre and others},
  journal={The Annals of Statistics},
  volume={34},
  number={3},
  pages={1204--1232},
  year={2006},
  publisher={Institute of Mathematical Statistics}
}
@Article{BPF08,
   Author="Barnes, C.  and Plagnol, V.  and Fitzgerald, T.  and Redon, R.  and Marchini, J.  and Clayton, D.  and Hurles, M. E. ",
   Title="{{A} robust statistical method for case-control association testing with copy number variation}",
   Journal="Nat. Genet.",
   Year="2008",
   Volume="40",
   Pages="1245--1252",
   Month="Oct"
}

@Article{BlR08,
  author =  {Blanchard, G. and Roquain, E.},
  title =  {Two simple sufficient conditions for {FDR} control},
  journal =  {Electron. J. Statist.},
  year =  {2008},
  volume =  {2},
  pages =  {963--92},
}

@Article{BlR09,
  author =  {Blanchard, G. and Roquain, E.},
  title =  {Adaptive false discovery rate control under independence and dependence},
  journal =  JMLR,
  year =  {2009},
  volume =  {10},
  pages =  {2837--71},
}

@Article{BaP66,
  author =  {Baum, L.E.  and Petrie, T.},
  title =  {Statistical inference for probalistic functions of finite state {M}arkov chains},
  journal =  {Ann. Math. Statis.},
  year =  {1966},
  volume =  {37},
  pages =  {1554--63},
}

@article{BRC10,
author = {Baudry, Jean-Patrick and Raftery, Adrian E. and Celeux, Gilles and Lo, Kenneth and Gottardo, Rapha\"el},
title = {Combining Mixture Components for Clustering},
journal = {J. Comput. Graph. Statis.},
volume = {19},
number = {2},
pages = {332-353},
year = {2010},
doi = {10.1198/jcgs.2010.08111},

URL = {http://www.tandfonline.com/doi/abs/10.1198/jcgs.2010.08111},
eprint = {http://www.tandfonline.com/doi/pdf/10.1198/jcgs.2010.08111}
}


@article(BaP98,
           author="J. Bai and P. Perron",
           title="Estimating and testing linear models with multiple structural changes",
           journal = "Econometrica",
           volume = "66",
           pages = "47--78",
           year=1998)

@article(BaP03,
           author="J. Bai and P. Perron",
           title="Computation and analysis of multiple structural change models",
           journal = "J. Appl. Econ.",
           volume = "18",
           pages = "1--22",
           year=2003)

@Article{BaR03,
 author = {Bar-Hen, A. and Robin, S.},
 title = {An iterative procedure for differential analmysis of gene expression},
 journal = CRAS,
 year = {2003},
 key = {Ser. I337},
 pages = {343--346}
}

@Article{BeH95,
 author = {Benjamini, Y. and Hochberg, Y.},
 title = {Controlling the false discovery rate: a practical and
 powerfull approach to multiple testing},
 journal = {JRSSB},
 year = {1995},
 volume = {57},
 number = {1},
 pages = {289--300} }

@Article{BeY99,
 author = {Benjamini, Y. and Yekutieli, D.},
 title = {The control of the false discovery rate in multiple testing under dependency},
 journal = AS,
 year = {1999},
 volume = {29},
 pages = {1165--88},
}

@Book{BFO84,
 author = {Breiman, L. and Friedman, J. and Ohlsen, R. and Stone, C.},
 title = {Classification and regression trees},
 publisher = {Wedworth},
 year = {1984},
}

@Article{BGL00,
 author = {Brown, M. P. S. and Grundy, W. N. and Lin, D. and
 Cristianini, N. and Sugnet, C. W. and Furey, T. S. and Ares, M. and
 Haussler, D.},
 title = {Knowledge-based analysis of microarray gene expression data
 by using support vector machines },
 journal = PNAS,
 year = {2000},
 volume = {97},
 Tnumber = {1},
 pages = {262--267},
}

@TechReport{BlV09,
  author =  {Bleakley, K. and Vert J.-P.},
  title =  {Joint segmentation of many a{CGH} profiles using fast group {LARS}},
  institution =  {arXiv:0910.1167v1},
  year =  {2009},
}

@inproceedings{VeB10,
  added-at = {2011-11-14T00:00:00.000+0100},
  author = {Vert, Jean-Philippe and Bleakley, Kevin},
  biburl = {http://www.bibsonomy.org/bibtex/25ddef59a44fbc6bfc9a4e33ac1c9023a/dblp},
  booktitle = {NIPS},
  editor = {Lafferty, John D. and Williams, Christopher K. I. and Shawe-Taylor, John and Zemel, Richard S. and Culotta, Aron},
  ee = {http://books.nips.cc/papers/files/nips23/NIPS2010_1131.pdf},
  interhash = {4b06dba2e6f37cd9ac00928d2c435981},
  intrahash = {5ddef59a44fbc6bfc9a4e33ac1c9023a},
  keywords = {dblp},
  pages = {2343-2351},
  publisher = {Curran Associates, Inc.},
  timestamp = {2011-11-14T00:00:00.000+0100},
  title = {Fast detection of multiple change-points shared by many signals using group LARS.},
  url = {http://dblp.uni-trier.de/db/conf/nips/nips2010.html#VertB10},
  year = 2010
}

@Article{BLR04,
 author = {Bro\"et, P. and Lewin, A. and Richardson, S. and Dalmasso, C. and Magdelenat, H.},
 title = {A mixture model-based strategy for selecting sets of genes in multiclass response microarray experiments},
 journal = {Bioinformatics},
 year = {2004},
 volume = {20},
 pages = {2562--2571},
}

@InBook{BLT07,
 author = {Ben-Dor, A. and Lipson, D. and Tsalenko, A. and Reimers, M. and Baumbusch, L.O. and  Barrett, M.T. and Weinstein, J.N. and Børresen-Dale, A.-L. andYakhini Z.},
 ALTeditor = {},
 title = {Research in Computational Molecular Biology},
 chapter = {Framework for Identifying Common Aberrations in DNA Copy Number Data}, 
 publisher = {Springer Berlin / Heidelberg},
 year = {2007},
 volume = {4453},
 series = {Lecture Notes in Computer Science },
 pages = {122--136},
 note = {doi: 10.1007/978-3-540-71681-5_9},
}

@ARTICLE{BaL01,
 author={Baldi, P. and Long, A. D.},
 title={A Bayesian framework for the analysis of microarray expression
 data: regularized t-test and statistical inferences of gene
 changes.},
 journal={Bioinformatics},
 volume={17},
 year={2001},
 pages={509-519},
}


@Unpublished{Bol01,
 author = {Bolstad, B.},
 title = {Probe Level Quantile Normalization of High Density Oligonucleotide Array Data},
 note = {{\tt www.stat.berkeley.edu/users/bolstad/stuff/qnorm.pdf}},
 year = {2001},
}

@BOOK (BoS98,
 AUTHOR = "Bouroche, J.-M. and Saporta, G.",
 TITLE = "L'analyse des donn\'ees",
 NUMBER = {1854},
 year = {1998},
 series = {Que sais-je~?},
 PUBLISHER = {PUF}
)

@Article{Bro05,
 author = {Broberg, P.},
 title = {A comparison review of estimates of the proportion unchanged genes and false discovery rate},
 journal = BMCB,
 year = {2005},
 volume = {6},
 number = {199},
 pages = {1},
}

@Article{BrB99,
 author = {Brown, P. and Botstein, D.},
 title = {Exploring the new world of the genome with {DNA}
 microarrays},
 journal = {Nature Genetics},
 year = {1999},
 volume = {21},
 pages = {33--37},
 annote = {intro g\'en\'erale à la technologie des biopuces},
}

@BOOK (BuA98,
 AUTHOR = "Burnham, K. P. and Anderson, R. A.",
 TITLE = "Model Selection and Inference: A Practical
 Information-Theoretic Approach",
 PUBLISHER = {Wiley: New-York} ,
 YEAR = 1998)

@Article{CeD92,
  author =  {Celeux, G. and Diebolt, J.},
  title =  {A stochastic approximation type {EM} algorithm for the mixture problem},
  journal =  {Stochastics},
  year =  {1992},
  key =  {41},
  volume =  {1-2},
  pages =  {119--34},
}

@article{BDV06,
author="Bordes, Laurent and Delmas, C\'eline and Vandekerkhove, Pierre",
title="{Semiparametric estimation of a two-component mixture model where one
    component is known.}",
language="English",
journal="Scand. J. Stat. ",
volume="33",
number="4",
pages="733-752",
year="2006",
doi={10.1111/j.1467-9469.2006.00515.x},
abstract="{An i.i.d. sample is considered from the two-components mixture PDF
    $$g(x)=1-)f_0(x)+(1-p)f(x-\mu),$$ where $f_0$ is a known PDF, $p$ is an
    unknown mixing proportion, $f$ is an unknown even (symmetric around zero)
    PDF, and $\mu$ is an unknown location parameter. The problem is to estimate
    $(p,\mu,f)$. Conditions of identifiability are derived. The method of
    symmetrization and the moments method are used for the estimation of $f$,
    $p$ and $\mu$. Consistency of the estimates is demonstrated. Results of
    simulation and an application to genetic data are presented.}",
reviewer="{R. E. Maiboroda (Ky\"\i v)}",
keywords="{symmetrisation method; method of moments; nonparametric finite
    mixture model}",
classmath="{*62G05 (Nonparametric estimation)
62P10 (Appl. of statistics to biology)
}",
}
@article{Chu02, 
 author = {Churchill, G. A.},
 title = {Fundamentals of experimental designs for c{DNA} microarray},
 journal = {Nature Genetics},
 year = {2002},
 volume = {32},
 pages = {490--495}
}

@ARTICLE(Chu92,
         TITLE = "Hidden {M}arkov chains and the analysis of genome
  structure", 
         AUTHOR = "Churchill, G. A.",
         JOURNAL = CC,
         VOLUME = 16,
         YEAR = 1992,
         PAGES = "107--115")

@ARTICLE{Cle79,
 author={Cleveland, W. S.},
 title={Robust Locally Weighted Regression and Smoothing
 Scatterplots},
 journal={Journal of the American Statistical Association},
 volume={74},
 year={1979},
 pages={829-836},
 annote = {m\'ethode LOESS},
}

@Book{CMR05,
  author =  {Capp\'e, O and Moulines, E. and Ryd\'en, T.},
  title =  {Inference in Hidden {M}arkov Models},
  publisher =  {Springer},
  year =  {2005},
}


@Article{DEG06,
  author = {S.J. Diskin and T. Eck and J. Greshock and Y.P. Mosse and
                  T. Naylorand C.J. Stoeckert Jr and B. L. Weber and
                  J.M. Maris and G.R. Grant},
  title = {STAC: A method for testing the significance of DNA copy
                  number aberrations across multiple array-{CGH}
                  experiments},
  journal = {Genome Res.},
  year = {2006},
  volume = {16},
  pages = {1149--58},
  note = {doi: 10.1101/gr.5076506},
}

@Article{Dev85,
  author =  {Devijver, P.A.},
  title =  {Baum's forward-backward algorithm revisited},
  journal =  {Pattern Recogn. Lett.},
  year =  {1985},
  volume =  {3},
  pages =  {369--73},
}

@Article{Dha05,
   Author="D'haeseleer, P. ",
   Title="{{H}ow does gene expression clustering work?}",
   Journal="Nat. Biotechnol.",
   Year="2005",
   Volume="23",
   Pages="1499--1501",
   Month="Dec"
}

@Article{DSB03,
 author = {Dudoit, S. and Shaffer, J. P. and Boldrick, J. C.},
 title = {Multiple hypothesis testing in microarray experiments},
 journal = {Statistical Science},
 year = {2003},
 volume = {18},
 number = {1},
 pages = {71--103}
}


@TechReport{DGM05,
 author = {David, O. and Gitton, C. and Mistou, M.-Y. and Monod, H.},
 title = {Proteomic analysis of a lactic bacterium: level of replication and ANOVA},
 institution = {INRA},
 year = {2005},
 address = {Unit\'e MIA, Jouy-en-Josas, France},
}

@Article{DMT04,
 author = {Di Marzio, M. and Taylor, C.},
 title = {Boosting kernel density estimates: A bias reduction technique?},
 journal = {Biometrika},
 year = {2004},
 volume = {91},
 number = {},
 pages = {226--233},
}

@Book{Dra03,
 author = {Draghici, S.},
 title = {Data Analysis Tools for DNA Microarrays},
 publisher = {Chapman \& Hall},
 year = {2003}
}

@Article{DLM99,
  author =  {Delyon, B. and Lavielle, M. and Moulines, E.},
  title =  {Convergence of a stochastic approximation version of the {EM} algorithm},
  journal =  AS,
  year =  {1999},
  Tvolume =  {27},
  number =  {1},
  pages =  {94/128},
}

@techreport{DLM15,
   author = {{Delatola}, E. I. and {Lebarbier}, E. and {Mary-Huard}, T. and 
	{Radvanyi}, F. and {Robin}, S. and {Wong}, J.},
    title = "{SegCorr: a statistical procedure for the detection of genomic regions of correlated expression}",
    year = 2015,  
    month = apr,
    note = {ArXiv:1504.05738},
}

@Article{DRL05,
 author = {Delmar, P. and Robin, S. and Le Roux, D. and Daudin, J.-J.},
 title = {Mixture model on the variance for the differential analysis of gene expression},
 journal = JRSSC,
 year = {2005},
 volume = {54},
 number = {1},
 pages = {31--50}
}

@Article{DRD05,
 author = {Delmar, P. and Robin, S. and Daudin, J.-J.},
 title = {VarMixt : Efficient variance modelling for the differential
analysis of replicated gene expression data},
 journal = {Bioinformatics},
 year = {2005},
 pages = {502--8},
 volume = {21},
 number = {4},
 note = {{\tt doi:10.1093/bioinformatics/bti023}},
}

@TechReport{DFS00,
 author = {Dudoit, S. and Fridlyand, J. and Speed, T. P.},
 title = {Comparison of Discrimination Methods for the Classification
 of Tumors Using Gene Expression Data},
 institution = {Statistics Department, University of California, Berkeley},
 year = {2000},
 number = {576},
}



@TechReport{DSB02,
 author = {Dudoit, S. and Shaffer, J. P. and Boldrick, J. C.},
 title = {Mutiple hypothesis testing in microarray experiments},
 institution = {U.C. Berkeley, Division of Biostatistics},
 year = {2002},
 address = {{\tt www.bepress.com/ucbbiostat/paper110}},
 note = {{\em submitted}}
}

@Article{DFS02,
 author = {Dudoit, S. and Fridlyand, J. and Speed, T. P.},
 title = {Comparison of Discrimination Methods for the Classification
 of Tumors Using Gene Expression Data},
 journal = JASA,
 year = {2002},
 volume = {97},
 number = {457},
 pages = {77--87}
}

@Article{DYC02,
 author = {Dudoit, S. and Yang, Y. H. and Callow, M. J. and Speed,
 T. P. },
 title = {Statistical methods for identifying differentially
 expressed genes in replicated c{DNA} microarray experiments},
 journal = SSI,
 year = {2002},
 volume = {12},
 pages = {111--139},
 annote = {analyse differentielle avec test de permutation + normalisation loess}
}

@Article{ESB98,
 author = {Eisen, M. B. and Spellman, P. T. and Brown, P. O. and
 Botstein, D.},
 title = {Cluster analysis and display of genome-wide expression
 patterns},
 journal = PNAS,
 year = {1998},
 pages = {14863--14868},
 annote = {l'article avec le logiciel Cluster}
}

@TechReport{ETG00,
 author = {Efron, B. and Tibshirani, R. and Goss, V. and Chu, G.},
 title = {Microarrays and Their Use in a Comparative Experiment},
 institution = {Department of Statistics, Stanford University},
 year = {2000},
 note = {www-stat.stanford.edu/\~{ }tibs/research.html},
}

@ARTICLE{ETS01,
 author={Efron, B. and Tibshirani, R. and Storey, J. D. and Tusher, V.},
 title={Empirical Bayes analysis of a microarray experiment},
 journal=JASA,
 volume={96},
 year={2001},
 pages={1151-1160},
}

@Article{Efr04,
 author = {Efron, B.},
 title = {Large-scale simultaneous hypothesis testing: the choice of a null hypothesis},
 journal = JASA,
 year = {2004},
 volume = {99},
 pages = {96--104},
}


@Article{EfT96,
 author = {Efron, B. and Tibshirani, R.},
 title = {Using specially designed exponential families for density estimation},
 journal = AS,
 year = {1996},
 volume = {24},
 number = {6},
 pages = {2431--2461},
}

@article{Fed75,
author="Feder, Paul I.",
title="{The log likelihood ratio in segmented regression.}",
language="English",
journal="Ann. Stat. ",
volume="3",
pages="84-97",
year="1975",
doi={10.1214/aos/1176343000},
classmath="{*62E20 (Asymptotic distribution theory in statistics)
62E15 (Exact distribution theory in statistics)
62J05 (Linear regression)
}",
}

@Article{FrR98,
 author = {Fraley, C. and Raftery, A.E.},
 title = {How many clusters?},
 journal = {The Computer J.},
 year = {1998},
 volume = {41},
 number = {8},
 pages = {578--87},
}

@Article{FKC09,
  author =  {Friguet, C. and Kloareg, M. and Causeur, D.},
  title =  {A Factor Model Approach to Multiple Testing Under Dependence},  
  journal =  JASA,
  year =  {2009},
  volume =  {104},
  number =  {488},
  pages =  {1406--15},
  note =  {{\tt DOI:10.1198/jasa.2009.tm08332}},
}

@techreport{GaR13,
   author = {{Gassiat}, E. and {Rousseau}, J.},
    title = "{Non parametric finite translation mixtures with dependent regime}",
  institution = {arXiv:1302.2345},
     year = 2013,
}


@ARTICLE{GCR13,
   author = {{Gassiat}, E. and {Cleynen}, A. and {Robin}, S.},
    title = "{Finite state space non parametric Hidden Markov Models are in general identifiable}",
  institution = {arXiv:1306.4657},
     year = 2013,
}

@ARTICLE{GCR14,
  title={Inference in finite state space non parametric Hidden Markov Models and applications},
  author={Gassiat, E and Cleynen, A and Robin, S},
  journal={Statistics and Computing},
  pages={1--11},
  year={2015},
  publisher={Springer}
}

@Article{GeW02,
 author = {Genovese, C. and Wasserman, L.},
 title = {Operating Characteristics and Extensions of the FDR Procedure},
 journal = JRSSB,
 year = {2002},
 volume = {64},
 number = {3},
 pages = {499--517},
}

@Article{GeW04,
 author = {Genovese, C. and Wasserman, L.},
 title = {A stochastic process approach to false discovery control},
 journal = AS,
 year = {2004},
 volume = {32},
 number = {3},
 pages = {1035--61},
}

@Article{GDD07,
  author =  {Guttman M, Mies C, Dudycz-Sulicz K, Diskin SJ, Baldwin DA, et al. },
  title =  {Assessing the Significance of Conserved Genomic Aberrations Using High Resolution Genomic Microarrays},
  journal =  {PLoS Genet},
  year =  {2007},
  volume =  {3},
  number =  {8},
  pages =  {e143},
  note =  {{\tt doi:10.1371/journal.pgen.0030143}},
}

@Article{GST99,
 author = {Golub, T. R. and Slonim, D. K. and Tamayo, P. and Huard,
 C. and Gaasenbeek, M. and Mesirov, J. P. and Coller, H. and Loh,
 M. and Downing, J. R. and Caligiuri, M. A. and Bloomfield, C. D. and
 Lander, E. S.},
 title = {Molecular Classification of Cancer: Class Discovery and
 Class Prediction by Gene Expression},
 journal = {Science},
 year = {1999},
 volume = {286},
 pages = {531--537},
 annote = {Donnes de Golub : AML / ALL}
}

@article{GhJ97,
  title={Factorial hidden Markov models},
  author={Ghahramani, Zoubin and Jordan, Michael I},
  journal={Machine learning},
  volume={29},
  number={2-3},
  pages={245--273},
  year={1997},
  publisher={Springer}
}

@Article{Gue07,
  author =  {Gu\'edon, Y.},
  title =  {Exploring the state sequence space for hidden {M}arkov and
semi-{M}arkov chain},
  journal =  CSDA,
  year =  {2007},
  volume =  {51},
  pages =  {2379--409},
}

@article{GRC09,
AUTHOR = {Guedj, Mickael and Robin, Stephane and C\'elisse, Alain and Nuel, Gregory},
TITLE = {Kerfdr: a semi-parametric kernel-based approach to local false discovery rate estimation},
JOURNAL = {BMC Bioinformatics},
VOLUME = {10},
YEAR = {2009},
NUMBER = {1},
PAGES = {84},
URL = {http://www.biomedcentral.com/1471-2105/10/84},
DOI = {10.1186/1471-2105-10-84},
PubMedID = {19291295},
ISSN = {1471-2105},
ABSTRACT = {BACKGROUND:The use of current high-throughput genetic,
                  genomic and post-genomic data leads to the
                  simultaneous evaluation of a large number of
                  statistical hypothesis and, at the same time, to the
                  multiple-testing problem. As an alternative to the
                  too conservative Family-Wise Error-Rate (FWER), the
                  False Discovery Rate (FDR) has appeared for the last
                  ten years as more appropriate to handle this
                  problem. However one drawback of FDR is related to a
                  given rejection region for the considered
                  statistics, attributing the same value to those that
                  are close to the boundary and those that are not. As
                  a result, the local FDR has been recently proposed
                  to quantify the specific probability for a given
                  null hypothesis to be true.RESULTS:In this context
                  we present a semi-parametric approach based on
                  kernel estimators which is applied to different
                  high-throughput biological data such as patterns in
                  DNA sequences, genes expression and genome-wide
                  association studies.CONCLUSION:The proposed method
                  has the practical advantages, over existing
                  approaches, to consider complex heterogeneities in
                  the alternative hypothesis, to take into account
                  prior information (from an expert judgment or
                  previous studies) by allowing a semi-supervised
                  mode, and to deal with truncated distributions such
                  as those obtained in Monte-Carlo simulations. This
                  method has been implemented and is available through
                  the R package kerfdr via the CRAN or at
                  http://stat.genopole.cnrs.fr/software/kerfdr
                  webcite.},
}

@Article{GWB02,
 author = {Guyon, I. and Weston, J. and Barnhill, S. and Vapnik, V.},
 title = {Gene selection for cancer classification using support vector machines},
 journal = {Machine Learning},
 year = {2002},
 volume = {46},
 pages = {389--422},
}

@Article{HaA00,
 author = {Hamadeh, H. and Afshari, C.},
 title = {Gene Chips and Functional Genomics},
 journal = {American Scientist},
 year = {2000},
 volume = {88},
 number = {6},
 pages = {508},
 annote = {{\tt www.americanscientist.org/template/AssetDetail/assetid/23763}
 A new technology will allow environmental
 health scientists to track the expression of
 thousands of genes in a single, fast and easy
 test} }

@article{HaN12,
author = {Hannart, Alexis and Naveau, Philippe},
title = {An Improved Bayesian Information Criterion for Multiple Change-Point Models},
journal = {Technometrics},
volume = {54},
number = {3},
pages = {256-268},
year = {2012},
doi = {10.1080/00401706.2012.694780},

URL = {http://www.tandfonline.com/doi/abs/10.1080/00401706.2012.694780},
eprint = {http://www.tandfonline.com/doi/pdf/10.1080/00401706.2012.694780}
}

@BOOK (Han81,
 AUTHOR = "Hand, D. J.",
 TITLE = "Discrimination and Classification",
 PUBLISHER = {Wiley} ,
 YEAR = 1981)

@incollection{HaL08,
 title = {Catching Change-points with Lasso},
 author = {Zaid Harchaoui and C\'eline L\'evy-Leduc},
 booktitle = {Advances in Neural Information Processing Systems 20},
 editor = {J.C. Platt and D. Koller and Y. Singer and S. Roweis},
 publisher = {MIT Press},
 address = {Cambridge, MA},
 pages = {617--624},
 year = {2008}
}

@Article{HDC01,
author = {Hedenfalk, I. and Duggan, D. and Chen, Y. D. and Radmacher,
 M. and Bittner, M. and Simon, R. and Meltzer, P. and Gusterson,
 B. and Esteller, M. and Kallioniemi, O. P. and Wilfond, B. and Borg,
 A. and Trent, J.},
title = {Gene expression profiles in hereditary breast cancer},
journal = {New Engl. Jour. Medicine},
year = {2001},
number = {344},
pages = {539--548},
}

@Article{HHS02,
 author = {Huber, W. and von Heydebreck, A. and Sültmann, H. and
 Poustka, A. and Vingron, M.},
 title = {Variance Stabilization Applied to Microarray Data
 Calibration and to the Quantification of Differential Expression},
 journal = {Bioinformatics},
 year = {2002},
 volume = {18},
 pages = {96--104},
}

@Article{HjG95,
 author = {Hjort, N. L. and Glad, I. K.},
 title = {Nonparametric density estimation with a parametric start},
 journal = AS,
 year = {1995},
 volume = {23},
 number = {3},
 pages = {882--904},
}




@PhdThesis{Hoc12,
  author =  {Hocking, T.D.},
  title =  {Learning algorithms and statistical softwares, with applications to bioinformatics},
  school =  {{ENS} {C}achan},
  year =  {2012},
  OPTkey =  {},
  OPTtype =  {},
  OPTaddress =  {},
  OPTmonth =  {},
  OPTnote =  {},
  OPTannote =  {}
}

@Article{HoH04,
 author = {Hoti, F. and Holmstr\"{o}m, L. },
 title = {A semiparametric density estimation approach to pattern classification},
 journal = CSDA,
 year = {2004},
 volume = {37},
 pages = {409--419},
}

@Article{Hol79,
 author = {Holm, S.},
 title = {A simple sequentially rejective multiple test procedure},
 journal = {Scand. J. Statist.},
 year = {1979},
 volume = {6},
 pages = {65--70}
}

@Book{HTF01,
 author = {Hastie, T. and Tibshirani, R. and Friedman, J.},
 title = {The elements of statistical learning},
 publisher = {Springer},
 year = {2001},
}

@MastersThesis{Hup02,
 author = {Hup{\'e}, P.},
 title = {Analse statistique des donn\'ees d'expression de g\`enes issues de microarray~: classification supervis\'ee et s\'election de g\`ene discriminants},
 school = {Institut National Agronomique Paris-Grignon},
 year = {2002},
}

@PhdThesis{Hup08,
  author =  {Hup\'e, Ph.},
  title =  {Biostatistical algorithms for omics data in oncology: Application to DNA copy number microarray experiments},
  school =  {AgroParisTech},
  year =  {2008},
  OPTkey =  {},
  OPTtype =  {},
  OPTaddress =  {},
  OPTmonth =  {},
  OPTnote =  {},
  OPTannote =  {}
}

@Article{HST04,
 author = {P. Hupe and N. Stransky and J. Thiery and F.Radvanyi and 
E. Barillot}, 
 title = {Analysis of array {CGH} data: from signal ratio to gain 
and loss of {DNA} regions},
 journal = {Bioinformatics},
 year = {2004},
 volume = {20},
 number = {18},
 pages = {3413--3422},
}

@Article{Hue06,
 author = {Huet, S.},
 title = {Model selection for estimating the non zero components of a Gaussian vector},
 journal = {ESAIM: P\&S},
 year = {2006},
 month = {March}, 
 volume = {10},
 pages = {164--183},
 note = {{\tt DOI: 10.1051/ps:2006004}},
 OPTannote = {}
}

@article {HuK08,
author = {Hušková, Marie and Kirch, Claudia},
title = {Bootstrapping confidence intervals for the change-point of time series},
journal = {Journal of Time Series Analysis},
volume = {29},
number = {6},
publisher = {Blackwell Publishing Ltd},
issn = {1467-9892},
url = {http://dx.doi.org/10.1111/j.1467-9892.2008.00589.x},
doi = {10.1111/j.1467-9892.2008.00589.x},
pages = {947--972},
keywords = {Confidence intervals, block bootstrap, mixing, change in mean},
keywords = {62G09, 62G15, 60G10},
year = {2008},
}

@article{INB07,
  title={A genome-wide survey of short coding sequences in streptococci},
  author={Ibrahim, Mariam and Nicolas, Pierre and Bessi{\`e}res, Philippe and Bolotin, Alexander and Monnet, V{\'e}ronique and Gardan, Rozenn},
  journal={Microbiology},
  volume={153},
  number={11},
  pages={3631--3644},
  year={2007},
  publisher={Soc General Microbiol}
}

@INPROCEEDINGS{JiM06,
  author = {Jin, Ning and Mokhtarian, Farzin},
  title = {A non-parametric {HMM} learning method for shape dynamics with application
	to human motion recognition},
  booktitle = {Pattern Recognition, 2006. ICPR 2006. 18th International Conference
	on},
  year = {2006},
  volume = {2},
  pages = {29--32},
  organization = {IEEE}
}

@Article{JLA05,
 author = {Jammes, F. and Lecomte, P. and de Almeida-Engler, J. and Bitton, F. and Martin-Magniette, M.-L. and Renou, JP. and Abad, P. and Favery, B.},
 title = {Genome-wide expression profiling of the host response to root-knot nematode infection in Arabidopsis},
 journal = {Plant Journal},
 year = {2005},
 volume = {44},
 number = {3},
 pages = {447--58},
 month = {Nov.},
 note = {{\tt doi:10.1111/j.1365-313X.2005.02532.x}},
}

@INPROCEEDINGS{JiM06,
  author = {Jin, Ning and Mokhtarian, Farzin},
  title = {A non-parametric {HMM} learning method for shape dynamics with application
	to human motion recognition},
  booktitle = {Pattern Recognition, 2006. ICPR 2006. 18th International Conference
	on},
  year = {2006},
  volume = {2},
  pages = {29--32},
  organization = {IEEE}
}


% 17540862 
@Article{JoM07,
   Author="Johnson, D. S.  and Mortazavi, A.  and Myers, R. M.  and Wold, B. ",
   Title="{{G}enome-wide mapping of in vivo protein-{D}{N}{A} interactions}",
   Journal="Science",
   Year="2007",
   Volume="316",
   Pages="1497--1502",
   Month="Jun"
}


@ARTICLE{KAB02,
 author={Kerr, M. K. and Afshari, C. A. and Bennett, L. and Bushel,
 P. and Martinez, J. and Walker, N. J. and Churchill, G. A.},
 title={Statistical analysis of a gene expression microarray
 experiment with replication},
 journal= SSI,
 volume={12},
 year={2002},
 pages={203--218}
}

@techreport{KFE11,
  author =  {R. Killick and P. Fearnhead and I. A. Eckley},
  title =  {Optimal detection of changepoints with a linear computational cost},
  year = 2011,
  institution =  {arXiv:1101.1438},
}

@article{KFE12,
  title={Optimal detection of changepoints with a linear computational cost},
  author={Killick, Rebecca and Fearnhead, Paul and Eckley, IA},
  journal={Journal of the American Statistical Association},
  volume={107},
  number={500},
  pages={1590--1598},
  year={2012},
  publisher={Taylor \& Francis}
}


@Article{KKM08,
   Author="Korn, J. M.  and Kuruvilla, F. G.  and McCarroll, S. A.  and Wysoker, A.  and Nemesh, J.  and Cawley, S.  and Hubbell, E.  and Veitch, J.  and Collins, P. J.  and Darvishi, K.  and Lee, C.  and Nizzari, M. M.  and Gabriel, S. B.  and Purcell, S.  and Daly, M. J.  and Altshuler, D. ",
   Title="{{I}ntegrated genotype calling and association analysis of {S}{N}{P}s, common copy number polymorphisms and rare {C}{N}{V}s}",
   Journal="Nat. Genet.",
   Year="2008",
   Volume="40",
   Pages="1253--1260",
   Month="Oct"
}

@Article{KiW08,
   Author="Kim, K. I.  and van de Wiel, M. A. ",
   Title="{{E}ffects of dependence in high-dimensional multiple testing problems}",
   Journal="BMC Bioinformatics",
   Year="2008",
   Volume="9",
   Pages="114"
}

@Article{KeC01,
 author = {Kerr, M. K. and Churchill, G.},
 title = {Experimental design for gene expression microarrays},
 journal = {Biostatistics},
 year = {2001},
 volume = {2},
 pages = {183--201},
 annote = {Anova}
}


@TechReport{KTM01,
 author = {Korn, E. L. and Troendle, J. F. and McShane, L. M. and
 Simon, R.},
 title = {Controlling the number of false discoveries:Application to
 high-dimensional genomic data},
 institution = {National Cancer Institute, Biometric Research Branch,
 Dicision of Cancer Tratment and Diagnosis},
 year = {2001},
 number = {003},
 note = {linus.nci.nih.gov/\~{ }brb/TechReport.htm},
}

@article(LJK05,
            author = "W.R. Lai and M.D. Johnson and R. Kucherlapati and P. J. Park",
            title = "Comparative analysis of algorithms for identifying amplifications and deletions in array {CGH} data",
            journal = "Bioinformatics",
            volume = "21",
            number = "19",
            pages = "3763--3770",
            year = 2005,
            subject="{CGH}")
            

@techreport{LeM12,
   author = {{Lee}, S.~X. and {McLachlan}, G.~J.},
    title = "{On Mixtures of Skew Normal and Skew t-Distributions}",
  institution = {arXiv:1211.3602},
     year = 2012,
}

@Article{LLY07,
  author = 	 {Lin, Tsung I.  and Lee, Jack C. and Yen, Shu Y.},
  title = 	 {Finite mixture modelling using the skew normal distribution},
  journal = 	 {Statistica Sinica},
  year = 	 {2007},
  OPTkey = 	 {},
  volume = 	 {17},
  number = 	 {3},
  pages = 	 {909--27},
  OPTmonth = 	 {},
  OPTnote = 	 {},
  OPTannote = 	 {}
}


@Article{LeS08,
   Author="Leek, J. T.  and Storey, J. D. ",
   Title="{{A} general framework for multiple testing dependence}",
   Journal="Proc. Natl. Acad. Sci. U.S.A.",
   Year="2008",
   Volume="105",
   Pages="18718--18723",
   Month="Dec"
}

@Article{Leb05,
 author = {Lebarbier, E.},
 title = {Detecting Multiple Change-Points in the Mean of Gaussian Process by Model Selection},
 journal = {Signal Proc.},
 year = {2005},
 volume = {85},
 pages = {717--36},
}


@Article{LeM06,
  author = {Lebarbier, E. and Mary-Huard, T.},
  title =  {Une introduction au crit\`ere {BIC}~: fondements th\'eoriques et interpr\'etation},
  journal =  {J. Soc. Fran\c{c}aise Statis.},
  year =  {2006},
  volume =  {147},
  number =  {1},
  pages =  {39--57},
}

@Article{LaM00,
  author ="M. Lavielle and E. Moulines",
  title ="Least-squares estimation of an unknown number of shifts in a time series",
  journal ="Journal of time series analysis",
  year = "2000",
  pages={33-59},
  volume={21},
  number={1}
}

@Article{LaL01,
 author = {Lavielle, M. and Lebarbier, E.},
 title = {An application of {MCMC} methods for the multiple change-points problem},
 journal = {Signal Proc.},
 year = {2001},
 volume = {81},
 pages = {39--53},
}

@Article{Lav05,
  author =  {Lavielle, M.},
  title =  {Using penalized contrasts for the change-point problem},
  journal =  {Signal Proc.},
  year =  {2005},
  volume =  {85},
  pages =  {1501--10},
}

@Article{LLF05,
 author = {Langaas, M. and Lindqvist, B.H. and Ferkingstad, E.},
 title = {Estimating the proportion of true null hypotheses, with applications to {DNA} microarray data},
 journal = JRSSB,
 year = {2005},
 volume = {67},
 number = {4},
 pages = {555--572},
}

@Article{LLS04,
 author = {Liao, J. G. and Lin, Y. and Selvanayagam, Z. E. and Weichung, J. S.},
 title = {A mixture model for estimating the local false discovery rate in DNA microarray analysis},
 journal = {Bioinformatics},
 year = {2004},
 volume = {20},
 number = {16},
 pages = {2694--2701},
}

@Article{Lou82,
  author =  {Louis, T.A.},
  title =  {Finding the Observed Information Matrix when Using the {EM} Algorithm},
  journal =  JRSSB,
  year =  {1982},
  volume =  {44},
  number =  {2},
  pages =  {226--33},
}

@ARTICLE{LoS02,
 author={L\"onnstedt, I. and Speed, T. P.},
 title={Replicated Microarray Data},
 journal=SSI,
 year={2002},
 pages={},
}

@Article{LuL03,
 author = {Luan, Y. and Li, H.},
 title = {Clustering of time-course gene expression data using a mixed-effects model with B-splines },
 journal = {Bioinformatics},
 year = {2003},
 volume = {19},
 number = {4},
 pages = {474--482},
}

@article{MCM09,
 author = {Maugis, C. and Celeux, G. and Martin-Magniette, M. -L.},
 title = {Variable selection in model-based clustering: A general variable role modeling},
 journal = {Comput. Stat. Data Anal.},
 volume = {53},
 number = {11},
 year = {2009},
 issn = {0167-9473},
 pages = {3872--3882},
 doi = {http://dx.doi.org/10.1016/j.csda.2009.04.013},
 publisher = {Elsevier Science Publishers B. V.},
 address = {Amsterdam, The Netherlands, The Netherlands},
 }

@Article{MAC05,
 author = {Martin-Magniette, M.-L. and Aubert, J. and Cabannes, E. and Daudin, J.-J.}, 
 title = {Evaluation of the gene-specific dye bias in {cDNA} microarray experiments},
 journal = {Bioinformatics},
 year = {2005},
 volume = {21},
 number = {9},
 pages = {1995--2000},
 note = {{\tt doi:10.1093/bioinformatics/bti302}},
}

@article{MMB08,
  title={ChIPmix: mixture model of regressions for two-color {C}h{IP}--chip analysis},
  author={Martin-Magniette, M.-L. and Mary-Huard, T. and B{\'e}rard, C. and Robin, S.},
  journal={Bioinformatics},
  volume={24},
  number={16},
  pages={i181--i186},
  year={2008},
  publisher={Oxford Univ Press}
}

@ARTICLE{MaR09,
  AUTHOR =       {Mary-Huard, T. and Robin, S.},
  TITLE =        {Tailored Aggregation for Classification},
  JOURNAL =      {IEEE Trans. Pattern Anal. and Machine Intel.},
  YEAR =         {2009},
  volume =       {31},
  number =       {8},
annote =  {type:ACL author:Robin author:Mary-Huard}
}

@BOOK{MaP00,
 author = {McLachlan, G. and Peel, D.},
 title= {Finite Mixture Models},
 publisher = {Wiley},
 year = {2000},
 }

@Article{MBB06,
 author = {McLachlan, G. and Bean, R.W. and Ben-Tovim Jones, L.},
 title = {A simple implementation of a normal mixture approach to 
 differential gene expression in multiclass microarrays},
 journal = Bioinformatics,
 year = {2006},
 volume = {22},
 pages = {1608--1615},
}

@Book{Mcl92,
 author = {Mc{L}achlan, G. J.},
 title = {Discriminant analysis and statistical pattern recognition},
 publisher = {Wiley},
 year = {92},
}

@InProceedings{MRD03,
 author = {Mary-Huard, T. and Robin, S. and Daudin J.-J.},
 title = {Spotting effect in C{DNA} experiments},
 booktitle = {European Conference on Computational Biology, 2003},
 year = {2003}}


@Article{Mei05,
 author = {Meinshausen, N.},
 title = {False discovery control for multiple tests of association under general dependence},
 journal = {Scand. J. Statist.},
 year = {2005},
 volume = {33},
 number = {2},
 Tpages = {227--237},
}

@ARTICLE{MJR12,
title = {Exact{DAS}: An Exact Test Procedure for the Detection of Differential Alternative Splicing in Microarray Experiments},
author = {Mary-Huard, Tristan and Jaffrezic, Florence and Robin, St\'ephane},
year = {2012},
journal = {Statistical Applications in Genetics and Molecular Biology},
volume = {11},
number = {5},
pages = {11},
abstract = {The aim of this paper is to propose a test procedure for
                  the detection of differential alternative splicing
                  across conditions for tiling array or exon chip
                  data. While developed in a mixed model framework,
                  the test procedure is exact (avoiding computational
                  burden) and applicable to a large variety of
                  contrasts, including several previously published
                  ones. A simulation study is presented to evaluate
                  the robustness and performance of the method. It is
                  found to have a good detection power of genes under
                  differential alternative splicing, even for five
                  biological replicates and four probes per exon. The
                  methodology also enables the comparison of various
                  experimental designs through exact power
                  curves. This is illustrated with the comparison of
                  paired and unpaired experiments. The test procedure
                  was applied to two publicly available cancer data
                  sets based on exon arrays, and showed promising
                  results.},
keywords = {Microarrays; Statistical Theory and Methods; alternative splicing; mixed model; exon array},
url = {http://EconPapers.repec.org/RePEc:bpj:sagmbi:v:11:y:2012:i:5:n:11}
}

@Article{NNS04,
 author = {Newton, M. A. and Noueiry, A. and Sarkar, D. and Ahlquist, P.},
 title = {Detecting differential gene expression with a semiparametric hierarchical mixture method},
 journal = {Biostatistics},
 year = {2004},
 volume = {5},
 pages = {155-176},
}

@Article{OlS87,
 author = {Olkin, I. and Spiegelman, C.},
 title = {A Semiparametric Approach
 to Density Estimation},
 journal = JASA,
 year = {1987},
 volume = {82},
 pages = {858--865},
}


@PhdThesis{Pic05,
  author =  {Picard, F.},
  title =  {Process segmentation/clustering: Application to the analysis {CGH} microarray data},
  school =  {univ. Paris XI - Orsay},
  year =  {2005},
  OPTkey =  {},
  OPTtype =  {},
  OPTaddress =  {},
  OPTmonth =  {},
  OPTnote =  {},
  OPTannote =  {}
}

@TechReport{PLB07,
  author =  {Picard, F. and Lebarbier, E. and Budinska, E. and Robin, S.},
  title =  {Joint segmentation of multivariate Gaussian processes using mixed linear models}, 
  type =         {Research Report},
  institution =  SSB,
  year =  {2007},
  number =       5,
  note =  {{\tt genome.jouy.inra.fr/ssb/preprint/SSB-RR-5.mod\_mixed\_seg.pdf}, 
                 {\it under review for J. Multivar. Analysis}},
}

@article{PiY97,
	Author = {Pitman, J. and Yor, M.},
	Coden = {APBYAE},
	Date-Added = {2013-01-15 06:29:20 +0000},
	Date-Modified = {2013-01-15 06:29:32 +0000},
	Doi = {10.1214/aop/1024404422},
	Fjournal = {The Annals of Probability},
	Issn = {0091-1798},
	Journal = {Ann. Probab.},
	Mrclass = {60J30 (60E99 60G57)},
	Mrnumber = {1434129 (98f:60147)},
	Mrreviewer = {Endre Cs{\'a}ki},
	Number = {2},
	Pages = {855--900},
	Title = {The two-parameter {P}oisson-{D}irichlet distribution derived from a stable subordinator},
	Url = {http://dx.doi.org/10.1214/aop/1024404422},
	Volume = {25},
	Year = {1997},
	Bdsk-Url-1 = {http://dx.doi.org/10.1214/aop/1024404422}
}


@article{Pet69,
author="Petrie, T.",
title="{Probabilistic functions of finite state Markov chains.}",
language="English",
journal="Ann. Math. Stat. ",
volume="40",
pages="97-115",
year="1969",
doi={10.1214/aoms/1177697807},
keywords="{probability theory}",
}

@Article{PLB11,
  author =  {Picard, F. and Lebarbier, E. and Budinska, E. and Robin, S.},
  title =  {Joint segmentation of multivariate Gaussian processes using mixed linear models},
  journal =  CSDA,
  year =  {2011},
  volume =  {55},
  number =  {2},
  pages =  {1160-70},
  annote =      {type:ACL author:Lebarbier author:Robin}
}

@Article{PLH11,
  title={Joint segmentation, calling, and normalization of multiple CGH profiles},
  author={Picard, Franck and Lebarbier, Emilie and Hoebeke, Mark and Rigaill, Guillem and Thiam, Baba and Robin, St{\'e}phane},
  journal={Biostatistics},
  pages={413-28},
  year={2011},
  volume =  {12},
  number =  {3},
  publisher={Biometrika Trust},
  annote = {type:ACL author:Lebarbier author:Robin author:Rigaill}
}

@Article{Pan02,
 author = {Pan, W.},
 title = {A comparative review of statistical methods for discovering
 differentially expressed genes in replicated microarray
 experiments},
 journal = {Bioinformatics},
 year = {2002},
 volume = {18},
 number = {4},
 pages = {546--554},
}


@techreport{PMR13,
     title = {{Change-point detection with kernel methods : application to DNA copy number signals}},
    author = {Pierre-Jean, M. and Marot, Guillemette and Guillem, Rigaill and Celisse, Alain},
  institution = {hal-00943413},
     year = 2013,
}


@Article{POA09,
   Author="Pique-Regi, R.  and Ortega, A.  and Asgharzadeh, S. ",
   Title="{{J}oint estimation of copy number variation and reference intensities on multiple {D}{N}{A} arrays using {G}{A}{D}{A}}",
   Journal="Bioinformatics",
   Year="2009",
   Volume="25",
   Pages="1223--1230",
   Month="May"
}


@ARTICLE{PGA02,
 author={Parmigiani, G. and Garret, E. S. and Anbazhagan, R. and Gabrielson, E.},
 title={A statistical framework for expression-based molecular classification in cancer},
 journal=JRSSB,
 volume={64},
 number={4},
 year={2002},
 pages={1-20},
}

@Book{PGI03,
 editor = {Parmigiani, G. and Garrett, E. S. and Irizarry, R. A. and
 Zeger, S.},
 title = {The analysis of gene expression data: methods and software},
 publisher = {Springer},
 year = {2003}
}


@Article{PMS09,
  author =  {Popova, T. and Mani\'e, E. and Stoppa-Lyonnet, D. and Rigaill, G. and Barillot, E. and Stern, M. H.},
  title =  {Genome Alteration Print ({GAP}): a tool to visualize and mine complex cancer genomic profiles obtained by SNP arrays},
  journal =  {Genome Biology},
  year =  {2009},
  volume =  {10},
  pages =  {R128},
  note =  {doi:10.1186/gb-2009-10-11-r128},
}

@Article{PoM03,
 author = {Pounds, S. and Morris, S. W. },
 title = {Estimating the occurrence of false positives and false negatives in microarray studies by approximating and partitioning the empirical distribution of $p$-values.},
 journal = {Bioinformatics},
 year = {2003},
 volume = {19},
 pages = {1236--42},
}

@Article{PRL07,
 author = {F. Picard and S. Robin and E. Lebarbier and J.-J. Daudin},
 title = {A Segmentation/Clustering Model for the Analysis of Array {CGH} Data},
 journal = {Biometrics},
  volume={63},
  number={3},
  pages={758--766},
 year = {2007},
 pages = {doi: 10.1111/j.1541-0420.2006.00729.x},
}

@Unpublished{PRL03,
 author = {Picard, F. and Robin, S. and Lavielle, M. and Vaisse, C. and Daudin, J.-J.},
 title = {A statistical approach for {CGH} microarray data analysis},
 note = {\em submitted},
 year = {2003},
}

@Article{PRL05, 
 author = {Picard, F. and Robin, S. and Lavielle, M. and Vaisse, C. and
 Daudin, J.-J.},
 title = {A statistical approach for array {CGH} data analysis},
 journal = BMCB,
 year = {2005},
 volume = {6},
 number = {27},
 pages = {1},
 note = {{\tt www.biomedcentral.com/1471-2105/6/27}},
}

@Article{PrM00,
 author = {Priebe, C. E. and Marchette, D. J. },
 title = {Alternating Kernel and Mixture Density Estimates},
 journal = CSDA, 
 year = {2000},
 volume = {35},
 number = {1},
 pages = {43--65},
}


@Article{PSS98, 
 author = {D. Pinkel and R. Segraves and D. Sudar and S.Clark and
 I. Poole and D.Kowbel and C.Collins and W. Kuo and C.Chen and
 Y. Zhai and S. Dairkee and B. Ljung and J. Gray},
 title = {High resolution analysis of {DNA} copy number variation using
 comparative genomic hybridization to microarrays},
 journal = {Nature Genetics},
 year = {1998},
 number = {20},
 pages = {207--211},
}

@Book{PTVF97,
 author = {Press, W. H. and Teukolsky, S. A. and Vettering, W. T. 
 and Flannery, B. P.}, 
 title = {Numerical recipes in C},
 publisher = {Cambridge University Press},
 year = {1997},
}

@Article{RAB11,
   Author="Roudier, F.  and Ahmed, I.  and B{\'e}rard, C.  and Sarazin, A.  and Mary-Huard, T.  and Cortijo, S.  and Bouyer, D.  and Caillieux, E.  and Duvernois-Berthet, E.  and Al-Shikhley, L.  and Giraut, L.  and Despres, B.  and Drevensek, S.  and Barneche, F.  and Derozier, S.  and Brunaud, V.  and Aubourg, S.  and Schnittger, A.  and Bowler, C.  and Martin-Magniette, M. L.  and Robin, S.  and Caboche, M.  and Colot, V. ",
   Title="{{I}ntegrative epigenomic mapping defines four main chromatin states in {A}rabidopsis}",
   Journal="EMBO J.",
   Year="2011",
   Volume="30",
   Number="10",
   Pages="1928--1938",
   Month="May"
}

@Article{RaD06,
  author =  {Raftery, A.E. and Dean, N.},
  title =  {Variable Selection for Model-Based Clustering},
  journal =  JASA,
  year =  {2006},
  volume =  {101},
  number =  {473},
  pages =  {168--78},
  note =  {DOI: 10.1198/016214506000000113},
}

% 20711339 
@Article{RaL10,
   Author="Rapaport, F.  and Leslie, C. ",
   Title="{{D}etermining frequent patterns of copy number alterations in cancer}",
   Journal="PLoS ONE",
   Year="2010",
   Volume="5",
   Number="8",
   Pages="e12028"
}


@Article{RDR02,
 author = {Robin, S. and Daudin, J.-J. and Richard, H. and Sagot,
 M.-F. and Schbath, S.},
 title = {Occurrence probability of structured motifs in random sequences},
 journal = JCB,
 year = 2002,
 volume = 9,
 pages = "761-773"}

@Article{RGI12,
AUTHOR = {Rashid, Naim and Giresi, Paul and Ibrahim, Joseph and Sun, Wei and Lieb, Jason},
TITLE = {ZINBA integrates local covariates with DNA-seq data to identify broad and narrow regions of enrichment, even within amplified genomic regions},
JOURNAL = {Genome Biology},
VOLUME = {12},
YEAR = {2011},
NUMBER = {7},
PAGES = {R67},
URL = {http://genomebiology.com/2011/12/7/R67},
DOI = {10.1186/gb-2011-12-7-r67},
PubMedID = {21787385},
ISSN = {1465-6906},
ABSTRACT = {ZINBA (Zero-Inflated Negative Binomial Algorithm)
                  identifies genomic regions enriched in a variety of
                  ChIP-seq and related next-generation sequencing
                  experiments (DNA-seq), calling both broad and narrow
                  modes of enrichment across a range of
                  signal-to-noise ratios. ZINBA models and accounts
                  for factors that co-vary with background or
                  experimental signal, such as G/C content, and
                  identifies enrichment in genomes with complex local
                  copy number variations. ZINBA provides a single
                  unified framework for analyzing DNA-seq experiments
                  in challenging genomic contexts.Software website:
                  http://code.google.com/p/zinba/ webcite},
}

@Article{21787385,
AUTHOR = {Rashid, Naim and Giresi, Paul and Ibrahim, Joseph and Sun, Wei and Lieb, Jason},
TITLE = {ZINBA integrates local covariates with DNA-seq data to identify broad and narrow regions of enrichment, even within amplified genomic regions},
JOURNAL = {Genome Biology},
VOLUME = {12},
YEAR = {2011},
NUMBER = {7},
PAGES = {R67},
URL = {http://genomebiology.com/2011/12/7/R67},
DOI = {10.1186/gb-2011-12-7-r67},
PubMedID = {21787385},
ISSN = {1465-6906},
ABSTRACT = {ZINBA (Zero-Inflated Negative Binomial Algorithm)
                  identifies genomic regions enriched in a variety of
                  ChIP-seq and related next-generation sequencing
                  experiments (DNA-seq), calling both broad and narrow
                  modes of enrichment across a range of
                  signal-to-noise ratios. ZINBA models and accounts
                  for factors that co-vary with background or
                  experimental signal, such as G/C content, and
                  identifies enrichment in genomes with complex local
                  copy number variations. ZINBA provides a single
                  unified framework for analyzing DNA-seq experiments
                  in challenging genomic contexts.Software website:
                  http://code.google.com/p/zinba/ webcite},
}


@techreport{Rig10,
   author = {{Rigaill}, G.},
    title = "{Pruned dynamic programming for optimal multiple change-point detection}",
  institution = {arXiv:1004.0887},
     year = 2010,
}

@TechReport{RLR09,
  author =  {Rigaill, G. and Lebarbier, E. and Robin, S.},
  title =  {Exact posterior distributions over the segmentation space and model selection for multiple change-point detection problems},
  institution =  {arXiv:1004.4347},
}

@InProceedings{RLR10,
  author =  {Rigaill, G. and Lebarbier, E. and Robin, S.},
  title =  {Exact posterior distributions over the segmentation space and model selection for multiple change-point detection problem},
  booktitle =  {Proceedings in Computational Statistics 2010 (CompStat)},
  year =  {2010},
  editor =  {Lechevallier, Y. and Saporta, G.},
  publisher = {Springer},
  annote = {type:INV author:Rigaill author:Lebarbier author:Robin},
}

@Article{RLR11,
  author =  {Rigaill, G. and Lebarbier, E. and Robin, S.},
  title =  {Exact posterior distributions over the segmentation space and model selection for multiple change-point detection problem},
  journal = {Stat. Comp.},
  year =  {2011},
  volume = {22}, 
  pages = {917--29},
  note = {DOI: 10.1007/s11222-011-9258-8},
  annote = {type:INV author:Rigaill author:Lebarbier author:Robin},
}

@PhdThesis{Rig11,
  author =  {Rigaill, G.},
  title =  {Statistical and algorithmic developments for the analysis of {T}riple {N}egative {B}reast {C}ancers},
  school =  {ABIES},
  year =  {2011},
  OPTkey =  {},
  OPTtype =  {},
  OPTaddress =  {},
  OPTmonth =  {},
  OPTnote =  {},
  OPTannote =  {}
}

@Article{Roq12,
  author =  {Roquain, E.},
  title =  {Type I error rate control for testing many hypotheses: a survey with proofs},
  journal =  {J. Soc. Fr. Statist.},
  year =  {2012},
  volume =  {152},
  number =  {2},
  pages =  {1--38},
  note =  {{\tt ttp://publications-sfds.math.cnrs.fr/index.php/J-SFdS/article/view/61/52}},
}

@Article{RoS07,
   Author="Robinson, M. D.  and Smyth, G. K. ",
   Title="{{M}oderated statistical tests for assessing differences in tag abundance}",
   Journal="Bioinformatics",
   Year="2007",
   Volume="23",
   Pages="2881--2887",
   Month="Nov"
}

@Article{RSH06,
 author = {Rouveirol, C. and Stransky, N. and Hup{\'e}, Ph. and La Rosa, Ph. and Viara, E. and Barillot, E. and Radvanyi, F.},
 title = {Computation of recurrent minimal genomic alterations from array-{CGH} data},
 journal = {Bioinformatics},
 year = {2006},
 volume = {22},
 number = {7},
 pages = {849--856},
}

@article{RuD10,
    author = {Rueda, Oscar M. and Diaz-Uriarte, Ramon},
    doi = {10.2174/157489310790596402},
    year = {2010}, 
    issn = {1574-8936},
    journal = {Current Bioinformatics},
    number = {1},
    pages = {1--17},
    posted-at = {2010-02-08 19:04:11},
    publisher = {Bentham Science Publishers},
    title = {Finding Recurrent Copy Number Alteration Regions: A Review of Methods},
    url = {http://dx.doi.org/10.2174/157489310790596402},
    volume = {5}
}

@TechReport{RLM02,
 author = {Rudemo, M. and Lobovkina, T. and Mostad, P. and Scheidl,
 S. J. and Nilsson, S. and Lindahl, P.},
 title = {Variance models for microarray data},
 institution = {Mathematical Statistics, Chalmers University of Thechnology},
 year = {2002},
 number = {6},
 note={{\tt www.math.chalmers.se/\~{ }rudemo/}},
 annote = {analyse diff\'erentiel avec mod\'elisation de la variance en
fonction du niveau d'expression}
}

@Unpublished{RBD05,
 author = {Robin, S. and Bar-Hen, A. and Daudin, J.-J.},
 title = {A semi-parametric approach for mixture models: Application to local FDR estimation}, 
 note = {{\it under review in Comput. Statist. Data Anal.}},
}

@article{RBD07,
  author =  {S. Robin and A. Bar-Hen and J.-J. Daudin and L. Pierre},
  title =  {A semi-parametric approach for mixture models: Application to  local False Discovery Rate estimation},
  journal =  CSDA,
  year =  {2007},
  volume =       51,
  number =       12, 
  pages =        {5483--93},
}

@Article{Rob03,
 author = {Robin, S.},
 title = {La juste mesure des g\`{e}nes},
 journal = {La Recherche},
 year = {2003},
 number = {363},
 pages = {90--91},
 month = {avril}
}

@ARTICLE{RoS09,
   author =    {S. Robin and V. T. Stefanov},
   title =     {Simultaneous Occurrences of Runs in Independent {M}arkov Chains},
   journal = {Method. Comput. Appl. Proba.},
   volume =  11, 
   number = 2,
   pages = {267-275},
   publisher =  {Springer Netherlands},
   year =  2009,
   url={http://dx.doi.org/10.1007/s11009-008-9093-3},
   key = {Comparative genomic hybridization , Exact bounds , {M}arkov chains , Simultaneous occurrences , Runs},
   annote = {type:ACL author:Robin},
}

@ARTICLE{RoS13,
  title={Detection of significant genomic alterations via simultaneous minimal sojourns at a state by independent continuous-time markov chains},
  author={Robin, S. and Stefanov, V. T},
  journal={Method. Comput. Appl. Proba.},
  pages={1--9},
  year={2013},
  doi={10.1007/s11009-013-9374-3},
  publisher={Springer},
  annote = {type:ACL author:Robin}
}

@unpublished{RoS08,
  author =  {S. Robin and V. Stefanov},
  title =  {Simultaneous occurrences of runs in independent {M}arkov chains},
  journal =  MCAP,
  year =  {2008},
  pages =  {?},
  note =  {DOI: 10.1007/s11009-008-9093-3, Tech. Report at {\tt genome.jouy.inra.fr/ssb/preprint/SSB-RR-11-sim-occ-run.pdf}},
}

@article{SaJ96,
  title={Exploiting tractable substructures in intractable networks},
  author={Saul, Lawrence K and Jordan, Michael I},
  journal={Advances in neural information processing systems},
  pages={486--492},
  year={1996},
  publisher={Citeseer}
}

@ARTICLE{SBM00,
 author = {Schuchhardt, J. and Beule, D. and Malik, A. and Wolski,
 E. and Eickhoff, H. and Lehrach, H. and Herzel, H.},
 title = {Normalization strategies for c{DNA} microarrays},
 journal = {Nucleic Acids Research},
 volume={28},
 year={2000},
 pages={{E}47},
}

@Article{Sch78,
  author =  {Schwarz, G.},
  title =  {Estimating the dimension of a model},
  journal =  AS,
  year =  {1978},
  volume =  {6},
  Tnumber =  {2},
  pages =  {461-4},
}

@Book{ScS02,
 author = {Schölkopf, B. and Smola, A.},
 title = {Learning with kernels},
 publisher = {MIT Press},
 year = {2002}
}

@Article{SEK10,
   Author="Swanson-Wagner, R. A.  and Eichten, S. R.  and Kumari, S.  and Tiffin, P.  and Stein, J. C.  and Ware, D.  and Springer, N. M. ",
   Title="{{P}ervasive gene content variation and copy number variation in maize and its undomesticated progenitor}",
   Journal="Genome Res.",
   Year="2010",
   Volume="20",
   Number="12",
   Pages="1689--1699",
   Month="Dec"
}

@Article{SIF09,
   Author="Springer, N. M.  and Ying, K.  and Fu, Y.  and Ji, T.  and Yeh, C. T.  and Jia, Y.  and Wu, W.  and Richmond, T.  and Kitzman, J.  and Rosenbaum, H.  and Iniguez, A. L.  and Barbazuk, W. B.  and Jeddeloh, J. A.  and Nettleton, D.  and Schnable, P. S. ",
   Title="{{M}aize inbreds exhibit high levels of copy number variation ({C}{N}{V}) and presence/absence variation ({P}{A}{V}) in genome content}",
   Journal="PLoS Genet.",
   Year="2009",
   Volume="5",
   Number="11",
   Pages="e1000734",
   Month="Nov"
}

@Article{SLA01,
 author = {Schaffer, R. and Landgraf, J. and Accerbi, M. and Simon,
 V. V. and Larson, M. and Wisman, E.},
 title = {Microarray analysis of diurnal and circadian-regulated
 genes in {A}rabidopsis},
 journal = {Plant Cell},
 year = {2001},
 volume = {13},
 pages = {113--123},
 annote = {exemple de classification avec "idealized patterns"}
}

@BOOK (SoS63,
 AUTHOR = "Sokal, R. R. and Sneath, P. H. A.",
 TITLE = "Principles of numerical taxonomy",
 PUBLISHER = {Freeman},
 YEAR = 1963)

@Book{Spe03,
 editor = {Speed, T. P.},
 title = {Statistical analysis of gene expression microarray data},
 publisher = {Chapman \& Hall},
 year = {2003}
}

@Article{SRD01,
 author = {Sekowska, A. and Robin, S. and Daudin, J.-J. and H\'enaut,
 A. and Danchin, A.},
 title = {Extracting biological information from {DNA} arrays: an
 unexpected link between arginine and methionine metabolism in
 {\sl {B}acillus subtilis}},
 journal = {Genome Biology},
 year = {2001},
 volume = {2},
 number = {6},
 pages = {{\tt genomebiology.com/2001/2/6/research/0019.1}},
}

@Book{Ste03,
 author = {Stekel, D.},
 title = {Microarray Bioinformatics},
 publisher = {Cambridge Univ Press},
 year = {2003},
}

@TechReport{StT01,
 author = {Storey, J. D. and Tibshirani, R.},
 title = {Estimating false discovery rates under dependence, with
 applications to {DNA} microarrays},
 institution = {Department of Statistics, Stanford University},
 year = {2001},
 number = {28},
 note = {{\tt www.stat.berkeley.edu/\~{ }storey/}},
}

@article{Sto02,
 Author = {Storey, John D.},
 Title = {A Direct Approach To False Discovery Rate},
 Journal = JRSSB,
 Year = {2002},
 Volume = {64},
 Number = {3},
 Pages = {479-498},
}

@Article{StT03,
 author = {Storey, J. D. and Tibshirani, R.},
 title = {Statistical significance for genowide studies},
 journal = PNAS,
 year = 2003,
 volume = {100},
 number = {16},
 pages = {9440--45},
}

@Article{Str08,
  author =  {K. Strimmer},
  title =  {fdrtool: a versatile {R} package for estimating local and tail area-based false discovery rates},
  journal =  {Bioinformatics},
  year =  {2008},
  key =  {},
  volume =  {24},
  number =  {12},
  pages =  {1461--62},
}

@Article{SuC09,
  author =  {Sun, W. and Cai, T. T.},
  title =  {Large-scale multiple testing under dependence},
  journal =  JRSSB,
  year =  {2009},
  volume =  {71},
  number =  {2},
  pages =  {393--424},
}

@Article{Tem08,
   Author="Tempelman, R. J. ",
   Title="{{S}tatistical analysis of efficient unbalanced factorial designs for two-color microarray experiments}",
   Journal="Int J Plant Genomics",
   Year="2008",
   Volume="2008",
   Pages="584360"
}

@Article{ToL03,
  author = 	 {Toms, J.D. and Lesperance, M.L.},
  title = 	 {Piecewise regression: A tool for identifying ecological thresholds},
  journal = 	 {Ecology},
  year = 	 {2003},
  volume = 	 {84},
  number = 	 {8},
  pages = 	 {2034--41},
  OPTmonth = 	 {},
  OPTnote = 	 {},
  OPTannote = 	 {}
}

@Article{TiW08,
   Author="Tibshirani, R.  and Wang, P. ",
   Title="{{S}patial smoothing and hot spot detection for {C}{G}{H} data using the fused lasso}",
   Journal="Biostatistics",
   Year="2008",
   Volume="9",
   Pages="18--29",
   Month="Jan"
}

@ARTICLE{TSR05,
    author = {Robert Tibshirani and Michael Saunders and Saharon Rosset and Ji Zhu and Keith Knight},
    title = {Sparsity and smoothness via the fused lasso},
    journal = {Journal of the Royal Statistical Society Series B},
    year = {2005},
    pages = {91--108}
}

@Article{TTC01,
 author = {Tusher, V. G. and Tibshirani, R. and Chu, G.},
 title = {Significance analysis of microarrays applied to the ionizing radiation response},
 journal = PNAS,
 year = {2001},
 volume = {98},
 pages = {5116--5121},
 annote = {M\'ethode SAM : permutation + contrôle du niveau global en
 tenant compte de la d\'ependance}
}

@Article{VDV02,
 author = {van't Veer, L. J. and Dai, H. and van de Vijver, M. J. and
 He, Y. D. and Hart, A. A. and Mao, M. and Peterse, H. L. and van der
 Kooy, K. and Marton, M. J. and Witteveen, A. T. and Schreiber,
 G. J. and Kerkhoven, R. M. and Roberts, C. and Linsley, P. S. and
 Bernards, R. and Friend, S. H.},
 title = {Gene expression profiling predicts clinical outcome of
 breast cancer},
 journal = {Nature},
 year = {2002},
 volume = {415},
 pages = {530--536},
 annote = {exemple de classification supervis\'ee}
}

@InProceedings{WMC01,
 author = {Weston, Jason and Mukherjee, Sayan and Chapelle, Olivier
 and Pontil, Massimiliano and Poggio, Tomaso and Vapnik, Vladimir},
 title = {Feature Selection for SVMs},
 booktitle = {Advances in Neural Information Processing Systems 13},
 pages = {668--674},
 year = {2001},
 editor = {Leen, Todd K. and Dietterich, Thomas G. and Tresp, Volker},
 publisher = {MIT Press}
}

@InProceedings{WMC00,
 author = "Weston, J. and Mukherjee, S. and Chapelle, O. and
 Pontil, M. and Poggio, T. and Vapnik, V.",
 title = "Feature Selection for {SVMs}",
 booktitle = "{Neural Information Processing Systems}",
 pages = "668-674",
 year = "2000",
 note = {\tt www.ai.mit.edu/people/sayan/webPub/feature.pdf},
 }

@Book{WeY93,
 author = {Westfall, P. H. and Young, S. S.},
 title = {Resampling-Based Multiple Testing: Examples and Methods for P-value Adjustment},
 publisher = {Wiley},
 year = {1993},
}

@article{WaL05,
author = {Wang, Ji-Ping Z and Lindsay, Bruce G},
title = {A Penalized Nonparametric Maximum Likelihood Approach to Species Richness Estimation},
journal = {Journal of the American Statistical Association},
volume = {100},
number = {471},
pages = {942-959},
year = {2005},
doi = {10.1198/016214504000002005},

URL = {http://amstat.tandfonline.com/doi/abs/10.1198/016214504000002005},
eprint = {http://amstat.tandfonline.com/doi/pdf/10.1198/016214504000002005}
}

@Article{WiF05,
   Author="Willenbrock, H.  and Fridlyand, J. ",
   Title="{{A} comparison study: applying segmentation to array {C}{G}{H} data for downstream analyses}",
   Journal="Bioinformatics",
   Year="2005",
   Volume="21",
   Pages="4084--4091",
   Month="Nov"
}

@Article{WGW01,
 author = {Wolfinger, R. D. and Gibson, G. and Wolfinger, E. D. and
 Bennett, L. and Hamadeh, H. and Bushel, P. and Afshari, C. and
 Paules, R. S.},
 title = {Assessing Gene Significance from c{DNA} Microarray Expression
 Data via Mixed Models},
 journal = JCB,
 year = {2001},
 volume = {8},
 number = {6},
 pages = {625--637}
}

@article{FSP04,
    author = {Fridlyand, J. and Snijders, A. M. and Pinkel, D. and Albertson, D. G. and Jain, A. N.},
    booktitle = {Special Issue on Multivariate Methods in Genomic Data Analysis},
    citeulike-article-id = {774302},
    citeulike-linkout-0 = {http://portal.acm.org/citation.cfm?id=1016469.1016476},
    citeulike-linkout-1 = {http://dx.doi.org/10.1016/j.jmva.2004.02.008},
    citeulike-linkout-2 = {http://www.sciencedirect.com/science/article/B6WK9-4C4W13W-1/2/1234a48960e310f8c3ab164b8e6776a1},
    doi = {10.1016/j.jmva.2004.02.008},
    issn = {0047259X},
    journal = {Journal of Multivariate Analysis},
    keywords = {hmm\_manu},
    month = jul,
    number = {1},
    pages = {132--153},
    posted-at = {2006-09-19 20:36:45},
    priority = {0},
    title = {Hidden Markov models approach to the analysis of array {CGH} data},
    url = {http://dx.doi.org/10.1016/j.jmva.2004.02.008},
    volume = {90},
    year = {2004}
}

@Article{VBM13,
year={2013},
issn={0960-3174},
journal={Statistics and Computing},
doi={10.1007/s11222-013-9383-7},
title={Hidden Markov Models with mixtures as emission distributions},
url={http://dx.doi.org/10.1007/s11222-013-9383-7},
publisher={Springer US},
keywords={Hidden Markov models; Model-based clustering; Mixture model; Hierarchical algorithm},
author={Volant, S. and B{\'e}rard, C. and Martin-Magniette, M.-L. and Robin, S.},
pages={1-12},
language={English}
}

@Article{YDL02,
 author = {Yang, Y. H. and Dudoit, S. and Luu, P. and Lin, D. M. and Peng, V. and Ngai, J. and Speed, T. P.},
 title = {Normalization for c{DNA} microarray data: a robust composite method addressing single and multiple slide systematic variation},
 journal = NAR,
 year = {2002},
 volume = {30},
}

@Article{YMJ10,
AUTHOR = {Yau, Christopher and Mouradov, Dmitri and Jorissen, Robert and Colella, Stefano and Mirza, Ghazala and Steers, Graham and Harris, Adrian and Ragoussis, Jiannis and Sieber, Oliver and Holmes, Christopher},
TITLE = {A statistical approach for detecting genomic aberrations in heterogeneous tumor samples from single nucleotide polymorphism genotyping data},
JOURNAL = {Genome Biology},
VOLUME = {11},
YEAR = {2010},
NUMBER = {9},
PAGES = {R92},
URL = {http://genomebiology.com/content/11/9/R92},
DOI = {10.1186/gb-2010-11-9-r92},
PubMedID = {20858232},
ISSN = {1465-6906},
ABSTRACT = {We describe a statistical method for the characterization
                  of genomic aberrations in single nucleotide
                  polymorphism microarray data acquired from cancer
                  genomes. Our approach allows us to model the joint
                  effect of polyploidy, normal DNA contamination and
                  intra-tumour heterogeneity within a single unified
                  Bayesian framework. We demonstrate the efficacy of
                  our method on numerous datasets including laboratory
                  generated mixtures of normal-cancer cell lines and
                  real primary tumours.},
}

@Article{SLV08,
   Author="Staaf, J.  and Lindgren, D.  and Vallon-Christersson, J.  and Isaksson, A.  and Goransson, H.  and Juliusson, G.  and Rosenquist, R.  and Hoglund, M.  and Borg, A.  and Ringner, M. ",
   Title="{{S}egmentation-based detection of allelic imbalance and loss-of-heterozygosity in cancer cells using whole genome {S}{N}{P} arrays}",
   Journal="Genome Biol.",
   Year="2008",
   Volume="9",
   Number="9",
   Pages="R136"
}

@Article{STS04,
 author = {Storey, J. D. and Taylor, J. E. and Siegmund, D.},
 title = {Strong control, conservative point estimation, and simultaneous conservative consistency of false discovery rates: A unified approach},
 journal = JRSSB,
 year = {2004},
 volume = {66},
 number = {1},
 pages = {187--205},
}

@Book{Sco92,
 author = {Scott, D. W.},
 title = {Multivariate Density Estimation. Theory, Practice and Visualization},
 publisher = {New York: Wiley},
 year = {1992},
}

@Book{Sil86,
 author = {Silverman, B. W.},
 title = {Density Estimation},
 publisher = {London: Chapman and Hall},
 year = {1986},
}


@Article{Efr03,
 author = {Efron, B.},
 title = {Selection and Estimation for Large-Scale Simultaneous Inference},
 journal = JASA,
 year = {2003},
 volume = {99},
 number = {465},
 pages = {96--104},
}

@Article{WCM04,
 author = {Wang, J. and Caron, C. Mistou, M.-Y. and Gitton, C. and Trubuil, A.}, 
 title = {PARIS: a Proteomic Analysis and Resources Indexation System},
 journal = {Journal of Integrative Bioinformatics},
 year = {2004},
 volume = {20},
 number = {1},
 pages = {133-5},
 month = {January},
 note = {{\tt journal.imbio.de}}
}

@article{WWL12,
title = "Brain mediators of cardiovascular responses to social threat: Part I: Reciprocal dorsal and ventral sub-regions of the medial prefrontal cortex and heart-rate reactivity ",
journal = "NeuroImage ",
volume = "47",
number = "3",
pages = "821 - 835",
year = "2009",
note = "Brain Body Medicine ",
issn = "1053-8119",
doi = "http://dx.doi.org/10.1016/j.neuroimage.2009.05.043",
url = "http://www.sciencedirect.com/science/article/pii/S1053811909005552",
author = "Tor D. Wager and Christian E. Waugh and Martin Lindquist and Doug C. Noll and Barbara L. Fredrickson and Stephan F. Taylor"
}


@Article{WCH05,
 author = {Wang, J. and Caron, C. and He, X. and Carpentier, A. and Mistou, 
M.-Y. and Trubuil, A. and Gitton, C. and Henry, C. and Guillot, A.},
 title = {A system for integrative and post-planned analysis of {2DE-MS} 
centred proteomics data},
 journal = {Journal of Integrative Bioinformatics},
 year = {2005},
 number = {0012},
 pages = {1},
 month = {November},
 note = {{\tt journal.imbio.de}}
}

@Article{ZhS07,
  author =  {Zhang, N. R. and Siegmund, D. O.},
  title =  {A Modified {B}ayes Information Criterion with Applications to the Analysis of Comparative Genomic Hybridization Data},
  journal =  {Biometrics},
  year =  {2007},
  volume =  {63},
  number =  {1},
  pages =  {22--32},
}

@PhdThesis{Zha05,
  author =  {Zhang, N.},
  title =  {Change-point detection and sequence alignment: statistical problems of genomics},
  school =  {Stanfor Univ.},
  year =  {2005},
}


@Article{CCG10,
  author =  {Chen, C.W.S. and Chan, J.S.K. and Gerlach, R. and Hsieh, W.},
  title =  {A comparison of estimators for regression models with change points},
  journal =  {Statist. Comput.},
  year =  {2010},
  note =  {To appear, {\tt DOI: 10.1007/s11222-010-9177-0}}
}

@article{Mug08,
  author = {Vito M. R. Muggeo},
  title = {segmented: An {R} package to Fit Regression
                  Models with Broken-Line Relationships},
  journal = {R News},
  year = 2008,
  volume = 8,
  number = 1,
  pages = {20--25},
  url = {http://CRAN.R-project.org/doc/Rnews/},
  pdf = {http://CRAN.R-project.org/doc/Rnews/Rnews_2008-1.pdf}
}

@Article{Yao88,
  author =  {Yao, Y.-C.},
  title =  {Estimating the number of change-points via {S}chwarz' criterion},
  journal =  {Statist. Proba. Lett.},
  year =  {1988},
  volume =  {6},
  number =  {3},
  pages =  {181--9},
}

@Article{Lee95,
  author =  {Lee, C.-B.},
  title =  {Estimating the number of change points in a sequence of independent normal random variables}, 
  journal =  {Statist. Proba. Lett.},
  year =  {1995},
  volume =  {25},
  number =  {3},
  pages =  {241--8},
}

@Article{SBC02,
  author =  {Spiegelhalter, D.J. and Best, N.G. and Carlin, B.P. and van der Linde, A.
},
  title =  {Bayesian measures of model complexity and fit},
  journal =  JRSSB,
  year =  {2002},
  volume =  {64},
  number =  {4},
  pages =  {583--639},
  month =  {October},
}

@Article{Mug03,
   Author="Muggeo, V. M. ",
   Title="{{E}stimating regression models with unknown break-points}",
   Journal="Stat Med",
   Year="2003",
   Volume="22",
   Pages="3055--3071",
}

