@string{AISM="Ann. Inst. Statist. Math."}
@string{AP="Annals of Probability"}
@string{AS="Annals of Statistics"}
@string{AAS="Annals of Applied Statistics"}
@string{AdAP="Advances in Applied Probability"}
@string{ApS="Applied Statistics"}
@string{AnAP="Annals of Applied Probability"}
@string{BMB="Bull. Math. Biol"}
@string{BMCB="BMC Bioinformatics"}
@string{CABIOS="Comp. Applic. Biosci."}
@string{CC="Computer Chem."}
@string{CRAS="C.-R. Acad. Sciences"}
@string{ESAIM="ESAIM: Probability and Statistics"}
@string{EJS="Electron. J. Statis."}
@string{JAM="J. Analyse Math."}
@string{JAP="J. Appl. Prob."}
@string{JASA="J. Amer. Statist. Assoc."}
@string{JBSD="J. Biomol. Struct. Dynamics"}
@string{JCB="J. Comp. Biol."} 
@string{JCTA="J. Combinatorial Theory A"}
@string{JMB="J. Mol. Biol."}
@string{JME="J. Mol. Evol"}
@string{JTB="J. Theor. Biol."}
@string{JSPI="J. Statis. Plann. Inference"}
@string{MBE="Mol. Biol. Evol."}
@string{MPCPS="Math. Proc. Camb. Phil. Soc."}
@string{NAR="Nucl. Acids Res."}
@string{PNAS="Proc. Natl. Acad. Sci. USA"}
@string{PTRF="Prob. Theory Rel. Fields"}
@string{P="Preprint"}
@string{PSI="Prob. Statist. Inference"}
@string{RTB="INRA,  Biom\'etrie"}
@string{SAGMB="Stat. Appl. Genet. Mol. Biol."}
@string{SPA="Stoch. Proc. Appl."}
@string{SPL="Statist. Prob. Letters"}
@string{SS="Statistical Science"}
@string{SSI="Statistica Sinica"}
@string{TPA="Theory Prob. Appl."}
@string{ZW="Z. Wahrscheinlichkeit"}

%%%%%%%%%%%%%%%%%%%%%%%%%%%%%%%%%%%%%%%%%%%%%%%%%%%%%%%
% A
@article{ArC10,
author = {Arlot, S. and Celisse, A.},
title = {{A survey of cross-validation procedures for model selection}},
volume = {4},
journal = {Statistics Surveys},
number = {none},
publisher = {Amer. Statist. Assoc., the Bernoulli Soc., the Inst. Math. Statist., and the Statist. Soc. Canada},
pages = {40 -- 79},
keywords = {cross-validation, leave-one-out, Model selection},
year = {2010},
doi = {10.1214/09-SS054},
URL = {https://doi.org/10.1214/09-SS054}
}
@article{ArC11,
  title={Segmentation of the mean of heteroscedastic data via cross-validation},
  author={Arlot, S. and Celisse, A.},
  journal={Statistics and Computing},
  volume={21},
  number={4},
  pages={613--632},
  year={2011},
  publisher={Springer}
}
@article{ACH19,
  title={A kernel multiple change-point algorithm via model selection},
  author={Arlot, S. and Celisse, A. and Harchaoui, Z.},
  journal={Journal of machine learning research},
  volume={20},
  number={162},
  pages={1--56},
  year={2019}
}

@article{APS17,
  title={Importance sampling: Intrinsic dimension and computational cost},
  author={Agapiou, S. and Papaspiliopoulos, O. and Sanz-Alonso, D. and Stuart, A. M},
  journal={Statistical Science},
  pages={405--431},
  year={2017},
  publisher={JSTOR}
}

@article{AST18,
  title={Successful conservation of global waterbird populations depends on effective governance},
  author={Amano, T. and Sz{\'e}kely, T. and Sandel, B. and Nagy, S. and Mundkur, T. and Langendoen, T. and Blanco, D. and Soykan, C.U and Sutherland, W.J},
  journal={Nature},
  volume={553},
  number={7687},
  pages={199--202},
  year={2018},
  publisher={Nature Publishing Group}
}

@article{AWB18,
  title={teigen: An R package for model-based clustering and classification via the multivariate t distribution},
  author={Andrews, J.L and Wickins, J.R and Boers, N.M and McNicholas, P.D},
  journal={Journal of Statistical Software},
  volume={83},
  pages={1--32},
  year={2018}
}

@book{Agr18,
  title={An introduction to categorical data analysis},
  author={Agresti, A.},
  year={2018},
  publisher={John Wiley \& Sons}
}

@article{ASR21,
   author = {Aubert, J. and Schbath, S. and Robin, S.},
    title = "Model-based biclustering for overdispersed count data with application in microbial ecology",
  journal={Methods in {E}cology and {E}volution}},
  year = 2021, 
  pages = {{\it to appear}},
}

@article{ABD04,
  title={Determination of the differentially expressed genes in microarray experiments using local FDR},
  author={Aubert, J and Bar-Hen, A. and Daudin, J.-J. and Robin, S},
  journal={BMC Bioinformatics},
  volume={5},
  number={1},
  pages={125},
  year={2004},
  publisher={Springer}
}

@InBook{AmR19,
 title = {Handbook of Cluster Analysis},
 chapter = {Applications to Genomics},
 publisher = {Chapman \& {H}all},
 year = 2019,
 author = {Ambroise, C. and Robin, S.},
}

@article{AML17,
  title={Fundamental limitations of network reconstruction from temporal data},
  author={Angulo, M. T. and Moreno, J. A and Lippner, G. and Barab{\'a}si, A-L and Liu, Y-Y},
  journal={Journal of the Royal Society Interface},
  volume={14},
  number={127},
  pages={20160966},
  year={2017},
  publisher={The Royal Society}
}

@article{AHL12,
  title={Hierarchical {B}ayesian models in ecology: reconstructing species interaction networks from non-homogeneous species abundance data},
  author={Aderhold, A. and Husmeier, D. and Lennon, J.J and Beale, C.M and Smith, V A.},
  journal={Ecological Informatics},
  volume={11},
  pages={55--64},
  year={2012},
  publisher={Elsevier}
}

@inproceedings{Att00,
  title={A variational {B}ayesian framework for graphical models},
  author={Attias, H.},
  booktitle={Advances in neural information processing systems},
  pages={209--215},
  year={2000}
}

@article{ArV14,
  title={Community detection in dense random networks},
  author={Arias-Castro, E. and Verzelen, N.},
  journal={The {A}nnals of {S}tatistics},
  volume={42},
  number={3},
  pages={940--969},
  year={2014},
  publisher={Institute of Mathematical Statistics}
}

@article{ADM16,
  title={Brain shape convergence in the adaptive radiation of New World monkeys},
  author={Aristide, L and Dos Reis, S F and Machado, A C and Lima, I and Lopes, R T and Perez, S I},
  journal={Proceedings of the National Academy of Sciences},
  volume={113},
  number={8},
  pages={2158--2163},
  year={2016},
  publisher={National Acad Sciences}
}

@article{AMR09,
  title={Identifiability of parameters in latent structure models with many observed variables},
  author={Allman, E.A. and Matias, C. and Rhodes, J.A.},
  journal={The {A}nnals of {S}tatistics},
  pages={3099--3132},
  year={2009},
  publisher={JSTOR}
}

@book{Agr96,
  title={An introduction to categorical data analysis},
  author={Agresti, A.},
  volume={135},
  year={1996},
  publisher={Wiley New York}
}

@article{AFI02,
  title={Gene expression during the life cycle of Drosophila melanogaster},
  author={Arbeitman, M. N and Furlong, E. EM and Imam, F. and Johnson, E. and Null, B. H and Baker, B. S and Krasnow, M. A and Scott, M. P and Davis, R. W and White, K. P},
  journal={Science},
  volume={297},
  number={5590},
  pages={2270--2275},
  year={2002},
  publisher={American Association for the Advancement of Science}
}

@inproceedings{AGZ15,
  title={Nonparametric {B}ayesian Factor Analysis for Dynamic Count Matrices.},
  author={Acharya, A. and Ghosh, J. and Zhou, M.},
  booktitle={AISTATS},
  year={2015}
}

@article{AbW10,
  title={Principal component analysis},
  author={Abdi, H. and Williams, L. J},
  journal={Wiley Interdisciplinary Reviews: Computational Statistics},
  volume={2},
  number={4},
  pages={433--459},
  year={2010},
  publisher={Wiley Online Library}
}

@Article{ACM09,
  author =  {Ambroise, C. and Chiquet, J. and Matias, C.},
  title =  {Inferring sparse Gaussian graphical models with latent structure},
  journal =  {Electron. J. Statist.},
  year =  {2009},
  volume =  {3},
  pages =  {205--38},
}

@article{And01,
  title={A new method for non-parametric multivariate analysis of variance},
  author={Anderson, Marti J},
  journal={Austral ecology},
  volume={26},
  number={1},
  pages={32--46},
  year={2001},
  publisher={Wiley Online Library}
}

@Book{And03,
 author = {Anderson, T. W.},
 title = {An introduction to multivariate statistical analysis},
 publisher = {Wiley},
 year = {2003},
 series = {Series in Probability and Statistics},
 edition = {3},
 }

@article{AuD11,
  title={A two-stage {P}oisson model for testing {RNA-seq} data},
  author={Auer, P.L. and Doerge, R.W.},
  journal={Statistical applications in genetics and molecular biology},
  volume={10},
  number={1},
  pages={1-26},
  year={2011}
}


@article{AnH10,
  title={Differential expression analysis for sequence count data},
  author={Anders, S. and Huber, W.},
  journal={Genome biology},
  volume={11},
  number={10},
  pages={R106},
  year={2010}
}

@InProceedings{AJC13,
  author = 	 {Aicher, C. and  Jacobs, A.Z. and Clauset, A.},
  title = 	 {Adapting the Stochastic Block Model to Edge-Weighted Networks},
  OPTbooktitle = {},
  year = 	 {2013},
  organization = {ICML Workshop on Structured Learning (SLG)},
}

@inproceedings{ACC13,
  title={Stochastic blockmodel approximation of a graphon: Theory and consistent estimation},
  author={Airoldi, E. M and Costa, T. B and Chan, S. H},
  booktitle={Advances in Neural Information Processing Systems},
  pages={692--700},
  year={2013}
}

@article{Aka74,
  title={A new look at the statistical model identification},
  author={Akaike, H.},
  journal={Automatic Control, IEEE Transactions on},
  volume={19},
  number={6},
  pages={716--723},
  year={1974},
  publisher={Ieee}
}

@Article{AGH02,
 author = {Allison, D. B. and Gadbury, G. and Heo, M. and Fernandez, J. and Lee, C.-K. and Prolla, T. A. and Weindruch, R. A },
 title = {Mixture Model Approach For The Analysis Of Microarray Gene Expression Data},
 journal = {Computational Statistics \& Data Analysis},
 year = {2002},
 volume = {39},
 pages = {1--20},
}

@article{ABF08,
  author =       {Airoldi, E. M. and Blei, D. M. and Fienberg, S. E. and Xing, E. P.},
  title =        {Mixed Membership Stochastic Blockmodels},
  journal =      {J. Mach. Learn. Res.},
  volume =       {9},
  year =         {2008},
  issn =         {1533-7928},
  pages =        {1981--2014},
  publisher =    {MIT Press},
  address =      {Cambridge, MA, USA},
}

@article{AmM12,
  title={New consistent and asymptotically normal parameter estimates for random-graph mixture models},
  author={Ambroise, C. and Matias, C.},
  journal={Journal of the Royal Statistical Society: Series B},
  volume={74},
  number={1},
  pages={3--35},
  year={2012},
  publisher={Wiley Online Library}
}

@article{Ait86,
  title={The statistical analysis of compositional data},
  author={Aitchison, J.},
  year={1986},
  publisher={Chapman and Hall London}
}

@article{AiH89,
  title={The multivariate {P}oisson-log normal distribution},
  author={Aitchison, J. and Ho, C.H},
  journal={Biometrika},
  volume={76},
  number={4},
  pages={643--653},
  year={1989},
  publisher={Biometrika Trust}
}

@Article{AuL89,
  Title     = {Algorithms for the optimal identification of segment neighborhoods},
  Author    = {Auger, I. E. and Lawrence, C. E.},
  Journal   = {Bull. Math. Biol.},
  Year      = {1989},
  Number    = {1},
  Pages     = {39--54},
  Volume    = {51},
  Publisher = {Elsevier}
}

%%%%%%%%%%%%%%%%%%%%%%%%%%%%%%%%%%%%%%%%%%%%%%%%%%%%%%%
% B
@techreport{BCM24,
   author = {Batardi{\`e}re, B. and Chiquet, J. and Mariadassou, M.},
    title = {Evaluating Parameter Uncertainty in the Poisson Lognormal Model with Corrected Variational Estimators},
institution =   {arXiv}, 
  number = {2411.08524},
     year = 2024
}


@article{BeG15,
  title={Comparing composite likelihood methods based on pairs for spatial Gaussian random fields},
  author={Bevilacqua, M. and Gaetan, C.},
  journal={Statistics and Computing},
  volume={25},
  pages={877--892},
  year={2015},
  publisher={Springer}
}

@ARTICLE{BrM15,
  author={Brault, V. and Mariadassou, M.},
  journal={Journal de la Soci\'{e}t\'{e} Fran\c{c}aise de la Statistique},
  title={Co-clustering through Latent Bloc Model: a Review},
  year={2015},
  volume={156},
  number={3}
}

@TechReport{BCG24,
  author = {Batardi{\`e}re, B. and Chiquet, J. and Gindraud, F. and Mariadassou, M.},
  title = {Zero-inflation in the Multivariate Poisson Lognormal Family},
  institution = {arXiv}, 
  number = {2405.14711},
  year = 2024
}

@article{BCK15},
  author = {Bartolucci, F. and Chiaromonte, F. and Kuruppumullage Don, P. and Lindsay, B.G.},
  title = {Composite Likelihood Inference in a Discrete Latent Variable Model for Two-Way “Clustering-by-Segmentation” Problems},
  journal = {Journal of Computational and Graphical Statistics},
  volume = {26},
  number = {2},
  pages = {388--402},
  year = {2017},
  doi = {10.1080/10618600.2016.1172018},
}


@article{BrC57,
  title={An ordination of the upland forest communities of southern Wisconsin},
  author={Bray, J.R. and Curtis, J.T.},
  journal={Ecological monographs},
  volume={27},
  number={4},
  pages={326--349},
  year={1957},
  publisher={JSTOR}
}

@article{BaD97,
  title={Covariation of life-history traits in lacertid lizards: a comparative study},
  author={Bauwens, D. and Diaz-Uriarte, R.},
  journal={The American Naturalist},
  volume={149},
  number={1},
  pages={91--111},
  year={1997},
  publisher={University of Chicago Press}
}

@article{BMM12,
  title={Slope heuristics: overview and implementation},
  author={Baudry, J-P and Maugis, C. and Michel, B.},
  journal={Statistics and Computing},
  volume={22},
  pages={455--470},
  year={2012},
  publisher={Springer}
}

@InBook{BMR22,
 title = {Mod{\`e}les et m{\'e}thodes pour l’{\'e}volution biologique},
 chapter = {Mod{\`e}les d’{\'e}volution de caract{\`e}res continus},
 publisher = {ISTE},
 year = {2022},
 author={Bastide, P. and Mariadassou, M. and Robin, S.},
 editor = {Didier, G. and Guindon, S.},
 pages = {175},
}

@article{Bes74,
  title={Spatial interaction and the statistical analysis of lattice systems},
  author={Besag, J.},
  journal={Journal of the Royal Statistical Society: Series B (Methodological)},
  volume={36},
  number={2},
  pages={192--225},
  year={1974},
  publisher={Wiley Online Library}
}

@article{Bes75,
  title={Statistical analysis of non-lattice data},
  author={Besag, J},
  journal={Journal of the Royal Statistical Society: Series D (The Statistician)},
  volume={24},
  number={3},
  pages={179--195},
  year={1975},
  publisher={Wiley Online Library}
}

@article{BaR93,
  title={Model-based Gaussian and non-Gaussian clustering},
  author={Banfield, J.D and Raftery, Adrian E},
  journal={Biometrics},
  pages={803--821},
  year={1993},
  publisher={JSTOR}
}

@article{BMC13,
  title={Adaptive importance sampling in signal processing},
  author={Bugallo, M. F and Martino, L. and Corander, J.},
  journal={Digital Signal Processing},
  volume={47},
  pages={36--49},
  year={2015},
  publisher={Elsevier}
}

@article{BaS01,
  title={Further approaches to computing fundamental characteristics of birth-death processes},
  author={Ball, F. and Stefanov, V. T},
  journal={Journal of applied probability},
  volume={38},
  number={4},
  pages={995--1005},
  year={2001},
  publisher={Cambridge University Press}
}

@article{BPR21,
  title={Inferring species interactions using Granger causality and convergent cross mapping},
  author={Barraquand, F. and Picoche, C. and Detto, M. and Hartig, F.},
  journal={Theoretical Ecology},
  volume={14},
  number={1},
  pages={87--105},
  year={2021},
  publisher={Springer}
}

@techreport{BaJ05,
  title={A probabilistic interpretation of canonical correlation analysis},
  author={Bach, F. R and Jordan, M. I},
  year={2005},
  institution = {Department of Statistics, University of California}, 
  number = {688}
}

@book{Bap10,
  title={Graphs and matrices},
  author={Bapat, R.B},
  volume={27},
  year={2010},
  publisher={Springer}
}

@book{BGT20,
  title={A Next-Generation of Biomonitoring to Detect Global Ecosystem Change},
  author={Bohan, D.A. and Gravel, D. and Tamaddoni-Nezhad, A. and Vacher, C. and Robin, S.},
  year={2020},
  publisher={Frontiers Media SA}
}

@article{BDE16,
  title={Testing for high-dimensional geometry in random graphs},
  author={Bubeck, S and Ding, J. and Eldan, R. and R{\'a}cz, Mikl{\'o}s Z.},
  journal={Random Structures \& Algorithms},
  volume={49},
  number={3},
  pages={503--532},
  year={2016},
  publisher={Wiley Online Library}
}

@article{Bas09,
  title={Mutualistic networks},
  author={Bascompte, J.},
  journal={Frontiers in Ecology and the Environment},
  volume={7},
  number={8},
  pages={429--436},
  year={2009},
  publisher={Wiley Online Library}
}

@article{BaJ06,
  title={The structure of plant-animal mutualistic networks},
  author={Bascompte, J. and J., Pedro},
  journal={Ecological networks: linking structure to dynamics in food webs. Oxford University Press, Oxford, UK},
  pages={143--159},
  year={2006}
}

@article{BRS09,
  title={Learning Gaussian mixture models with entropy-based criteria},
  author={Benavent, A. P. and Ruiz, F. E. and S{\'a}ez, J. M.},
  journal={IEEE Transactions on Neural Networks},
  volume={20},
  number={11},
  pages={1756--1771},
  year={2009},
  publisher={IEEE}
}

@InBook{BBD06,
  author = 	 {Bar-Hen, A. and Bro\"et, Ph. and Dalmasso, C. and Daudin, J.-J. and Robin, S.},
  title = 	 {Encyclopedia of Biopharmaceutical Statistics},
  chapter = 	 {False discovery rate},
  publisher = 	 {Marcel Dekker: NewYork},
  year = 	 {2006},
  edition = 	 {2nd},
  annote =      {type:CHoS author:Bar-Hen author:Daudin author:Robin}
}

@article{BOA13,
  title={Developmental stage of parasites influences the structure of fish-parasite networks},
  author={Bellay, S. and de Oliveira, E. F. and Almeida-Neto, M. and Junior, D. P. L.and Takemoto, R. M. and Luque, J. L.},
  journal={PloS one},
  volume={8},
  number={10},
  pages={e75710},
  year={2013},
  publisher={Public Library of Science}
}

@article{BMR19,
    author = {Benoit, G. and Mariadassou, M. and Robin, S. and Schbath, S. and Peterlongo, P. and Lemaitre, C.},
    title = "{SimkaMin: fast and resource frugal de novo comparative metagenomics}",
    journal = {Bioinformatics},
    year = {2019},
    month = {09},
    issn = {1367-4803},
    OPTdoi = {10.1093/bioinformatics/btz685},
    OPTurl = {https://doi.org/10.1093/bioinformatics/btz685},
    eprint = {http://oup.prod.sis.lan/bioinformatics/advance-article-pdf/doi/10.1093/bioinformatics/btz685/29520698/btz685.pdf},
}

@TechReport{BBD19,
  author = {Bar-Hen, A. and Barbillon, P. and Donnet, S.},
  title = {Block models for multipartite networks. Applications in ecology and ethnobiology},
  institution = {arXiv}, 
  number = {1807.10138},
  note = {{\it to appear in Statistical Modelling}},
  year = 2019
}

@article{BDV15,
  title={Clustering methods differ in their ability to detect patterns in ecological networks},
  author={L\'eger, J-B and Daudin, J-J and Vacher, C.},
  journal={Methods in Ecology and Evolution},
  volume={6},
  number={4},
  pages={474--481},
  year={2015},
  publisher={Wiley Online Library}
}

@article{BJM12,
  title={Structured sparsity through convex optimization},
  author={Bach, F. and Jenatton, R. and Mairal, J. and Obozinski, G.},
  journal={Statistical Science},
  volume={27},
  number={4},
  pages={450--468},
  year={2012},
  publisher={Institute of Mathematical Statistics}
}

@phdthesis{Bar95,
  title={Dynamique spatio-temporelle des peuplements de poissons estuariens en Guin{\'e}e (Afrique de l'Ouest)},
  author={Baran, E.},
  year={1995},
  school={Th{\`e}se de Doctorat, Universit{\'e} de Bretagne Occidentale}
}

@article{BSR19,
  title={Epidemiologic network inference},
  author={Barbillon, P. and Schwaller, L. and Robin, S. and Flachs, A. and Stone, G.D.},
  journal={Statistics and Computing},
  pages={1--15},
  year={2019},
  publisher={Springer}
}

@article{BTG15,
  title={Network impact on persistence in a finite population dynamic diffusion model: application to an emergent seed exchange network},
  author={Barbillon, P. and Thomas, M. and Goldringer, I. and Hospital, F. and Robin, S.},
  journal={Journal of theoretical biology},
  volume={365},
  pages={365--376},
  year={2015},
  publisher={Elsevier}
}


@article{BJM03,
  title={The nested assembly of plant--animal mutualistic networks},
  author={Bascompte, J. and Jordano, P. and Meli{\'a}n, C.J and Olesen, J.M},
  journal={Proceedings of the National Academy of Sciences},
  volume={100},
  number={16},
  pages={9383--9387},
  year={2003},
  publisher={National Acad Sciences}
}

@article{BJM06,
  title={Asymmetric coevolutionary networks facilitate biodiversity maintenance},
  author={Bascompte, J. and Jordano, P. and Olesen, J.0M},
  journal={Science},
  volume={312},
  number={5772},
  pages={431--433},
  year={2006},
  publisher={American Association for the Advancement of Science}
}

@article{Bas09,
  title={Disentangling the web of life},
  author={Bascompte, J.},
  journal={Science},
  volume={325},
  number={5939},
  pages={416--419},
  year={2009},
  publisher={American Association for the Advancement of Science}
}

@article{BeW14,
  title={Deciphering microbial interactions and detecting keystone species with co-occurrence networks},
  author={Berry, D. and Widder, S.},
  journal={Frontiers in microbiology},
  volume={5},
  pages={219},
  year={2014},
  publisher={Frontiers}
}

@article{BPG18,
  title={Environmental DNA time series in ecology},
  author={B{\'a}lint, M. and Pfenninger, M. and Grossart, H-P. and Taberlet, P. and Vellend, M. and Leibold, M.A and Englund, G. and Bowler, D.},
  journal={Trends in ecology \& evolution},
  year={2018},
  publisher={Elsevier}
}

@article{BML16,
  title={Learning microbial interaction networks from metagenomic count data},
  author={Biswas, S. and McDonald, M. and Lundberg, D. S and Dangl, J. L. and Jojic, V.},
  journal={Journal of Computational Biology},
  volume={23},
  number={6},
  pages={526--535},
  year={2016},
  publisher={Mary Ann Liebert, Inc. 140 Huguenot Street, 3rd Floor New Rochelle, NY 10801 USA}
}

@PhdThesis{Bea03,
 author = {Beal, M.},
 title = {Variational algorithms for approximate {B}ayesian inference},
 school = {university of London},
 year = {2003},
}

@TechReport{Ban08,
 author = {Banerjee, S.},
 title = {{B}ayesian Linear Model: Gory Details},
 institution = {univ. Minnesota},
 year = {2008},
 url = {www.biostat.umn.edu/~ph7440}
}

@article{BPS70,
  title={A maximization technique occurring in the statistical analysis of probabilistic functions of {M}arkov chains},
  author={Baum, L. E and Petrie, T. and Soules, G. and Weiss, N.},
  journal={The Annals of Mathematical Statistics},
  volume={41},
  number={1},
  pages={164--171},
  year={1970},
  publisher={JSTOR}
}

@article{BDL17,
  title={Stochastic block models for multiplex networks: an application to a multilevel network of researchers},
  author={Barbillon, P. and Donnet, S. and Lazega, E. and Bar-Hen, A.},
  journal={Journal of the Royal Statistical Society: Series A},
  volume={180},
  number={1},
  pages={295--314},
  year={2017},
  publisher={Wiley Online Library}
}

@article{BeG01,
  title={The variational {K}alman smoother},
  author={Beal, M. J and Ghahramani, Z.},
  journal={Gatsby Computational Neuroscience Unit, University College London, Tech. Rep. GCNU TR},
  volume={3},
  pages={2001},
  year={2001}
}

@article{BiW01,
  title={An introduction to the {K}alman filter},
  author={Bishop, G. and Welch, G.},
  journal={Proc of SIGGRAPH, Course},
  volume={8},
  number={27599-23175},
  pages={41},
  year={2001}
}

@TechReport{BiW06,
  title={An introduction to the {K}alman filter},
  author={Bishop, G. and Welch, G.},
  institution = {University of North Carolina at Chapel, Dept. of Computer Science},
  year = {2006},
  number = {95-041},
}

@article{BCC13,
  title={Asymptotic normality of maximum likelihood and its variational approximation for stochastic blockmodels},
  author={Bickel, P. and Choi, D. and Chang, X. and Zhang, H.},
  journal={The {A}nnals of {S}tatistics},
  pages={1922--1943},
  year={2013},
  publisher={JSTOR}
}

@TechReport{BCF17,
   author = {{Barigozzi}, M. and {Cho}, H. and {Fryzlewicz}, P.},
    title = "{Simultaneous multiple change-point and factor analysis for high-dimensional time series}",
  institution = {arXiv}, 
  number = {1612.06928},
     year = 2016
}

@TechReport{BAR17,
  title = {Inference of Adaptive Shifts for Multivariate Correlated Traits},
  author = {Bastide, P. and An{\'e}, C. and Robin, S. and Mariadassou, M.},
  year = {2017}, 
  institution = {bioRxiv}, 
  number = {146191}
}

@article{BAR18,
author = {Bastide, P. and An\'e, C. and Robin, S. and Mariadassou, M.},
title = {Inference of Adaptive Shifts for Multivariate Correlated Traits},
journal = {Systematic Biology},
volume = {},
number = {},
pages = {syy005},
year = {2018},
doi = {10.1093/sysbio/syy005},
URL = {http://dx.doi.org/10.1093/sysbio/syy005},
eprint = {/oup/backfile/content_public/journal/sysbio/pap/10.1093_sysbio_syy005/3/syy005.pdf}
}

@article{BKM17,
  title={Variational inference: A review for statisticians},
  author={{Blei}, D.~M. and {Kucukelbir}, A. and {McAuliffe}, J.~D.},
  journal={Journal of the American Statistical Association},
  volume={112},
  number={518},
  pages={859--877},
  year={2017},
  publisher={Taylor \& Francis}
}

@TechReport{RBF16,
  title={{B}ayesian Nonparametric Ordination for the Analysis of Microbial Communities},
  author={Ren, B. and Bacallado, S. and Favaro, S. and Holmes, S. and Trippa, L.},
  institution={arXiv}, 
  number = {1601.05156},
  year={2016}
}

@TechReport{BCC16,
  title={Consistent nonparametric estimation for heavy-tailed sparse graphs},
  author={Borgs, C. and Chayes, J.T. and Cohn, H. and Ganguly, S.},
  institution={arXiv}, 
  number = {1508.06675v2},
  year={2016}
}

@TechReport{BVR14,
  title={Covariate assisted spectral clustering},
  author={Binkiewicz, N. and Vogelstein, J.T. and Rohe, K.},
  institution={arXiv}, 
  number = {1411.2158},
  year={2014}
}

@Article{BCP07,
  author =  {Biau, G. and Cadre, B. and Pelletier, B.},
  title =  {A graph-based estimator of the number of clusters},
  journal =  ESAIM,
  year =  {2007},
  OPTkey =  {},
  volume =  {11},
  OPTnumber =  {},
  pages =  {272--80},
  OPTmonth =  {},
  OPTnote =  {doi:10.1051/ps:2007019},
  OPTannote =  {}
}

@Article{BiC09,
   Author="Bickel, P. J.  and Chen, A. ",
   Title="{{A} nonparametric view of network models and {N}ewman-{G}irvan and other modularities}",
   Journal="Proc. Natl. Acad. Sci. U.S.A.",
   Year="2009",
   Volume="106",
   Pages="21068--73",
   Month="Dec"
}

@article{BPR15,
  title={Modeling overdispersion heterogeneity in differential expression analysis using mixtures},
  author={Bonafede, E. and Picard, F. and Robin, S. and Viroli, C.},
  journal={Biometrics},
  volume={72},
  number={3},
  pages={804--814},
  year={2016},
  publisher={Wiley Online Library}
}

@book{BiN06,
  title={Pattern recognition and machine learning},
  author={Bishop, C. M. and Nasrabadi, N. M.},
  volume={1},
  year={2006},
  publisher={springer New York}
}

@Article{BMB11,
  title={Unsupervised classification for tiling arrays: {C}h{IP}-chip and transcriptome},
  author={B{\'e}rard, C. and Martin-Magniette, M.-L. and Brunaud, V. and Aubourg, S. and Robin, S. and others},
  journal={Statistical applications in genetics and molecular biology},
  volume={10},
  number={1},
  year={2011},
  pages = {1--22}, 
  publisher={Berkeley Electronic Press}
}

@Article{BCG00,
  author =  {Biernacki, C. and Celeux, G. and Govaert, G.},
  title =  {Assessing a Mixture Model for Clustering with the Integrated Completed Likelihood},
  journal =  {IEEE Trans. Pattern Anal. Machine Intel.},
  year =  {2000},
  volume =  {22},
  number =  {7},
  pages =  {719--25},
}

@article{BeG03,
  author =  {Beal, M., J. and Ghahramani, Z.},
  title =  {The Variational {B}ayesian {EM} Algorithm for Incomplete Data: with Application to Scoring Graphical Model Structures},
  journal =  {Bayesian Statistics},
  volume =       {7}, 
  pages =  {543--52},
  year =  {2003},
  publisher =    {Oxford University Press},
  annote =  {citeseer.ist.psu.edu/article/beal03variational.html},
}

@Article{BJR07,
  author =  {Bollob\'as, B. and Janson, S. and Riordan, O.},
  title =  {The phase transition in inhomogeneous random graphs},
  journal =  {Rand. Struct. Algo.},
  year =  {2007},
  volume =  {31},
  number =  {1},
  pages =  {3--122},
  annote =  {}
}

@TechReport{BMR15,
  author = {Bastide, P. and Mariadassou, M. and Robin, S.},
  title = "Detection of adaptive shifts on phylogenies using shifted stochastic processes on a tree",
  institution = {arXiv}, 
  number = {1508.00225},
  year = 2015,
}

@article {BMR16,
  author = {Bastide, P. and Mariadassou, M. and Robin, S.},
  title = {Detection of adaptive shifts on phylogenies by using shifted stochastic processes on a tree},
  journal={Journal of the Royal Statistical Society. Series B},
  url = {http://dx.doi.org/10.1111/rssb.12206},
  doi = {10.1111/rssb.12206},
  year = {2016},
  pages = {{\sl to appear}}
}

@article{BMR17,
  title={Detection of adaptive shifts on phylogenies by using shifted stochastic processes on a tree},
  author={Bastide, P. and Mariadassou, M. and Robin, S.},
  journal={Journal of the Royal Statistical Society: Series B (Statistical Methodology)},
  volume={79},
  number={4},
  pages={1067--1093},
  year={2017},
  publisher={Wiley Online Library}
}

@article{BKW12, 
  author = "Bardet, J.-M. and Kengne, W. and Wintenberger, O.",
  doi = "10.1214/12-EJS680",
  fjournal = "Electronic Journal of Statistics",
  journal = "Electron. J. Statist.",
  pages = "435--477",
  publisher = "The Institute of Mathematical Statistics and the Bernoulli Society",
  title = "Multiple breaks detection in general causal time series using penalized quasi-likelihood",
  OPTurl = "http://dx.doi.org/10.1214/12-EJS680",
  volume = "6",
  year = "2012"
}

@Article{BGH09,
  Title                    = {{Gaussian model selection with an unknown variance}},
  Author                   = {Baraud Y., and Giraud, C. and Huet, S.},
  Journal                  = {{A}nnals of {S}tatistics},
  Year                     = {2009},
  Month                    = apr,
  Number                   = {2},
  Pages                    = {630--672},
  Volume                   = {37},
  Eprint                   = {math/0701250v3},
}

@Article{BuK04,
  Title                    = {{Phylogenetic Comparative Analysis: A Modeling Approach for Adaptive Evolution}},
  Author                   = {Butler, M. A. and King, A. A.},
  Journal                  = {The American Naturalist},
  Year                     = {2004},
  Number                   = {6},
  Pages                    = {pp. 683--695},
  Volume                   = {164},
}

%%%%%%%%%%%%%%%%%%%%%%%%%%%%%%%%%%%%%%%%%%%%%%%%%%%%%%%
% C
@article{ChL22,
  title={Spectral estimation of Hawkes processes from count data},
  author={Cheysson, F. and Lang, G.},
  journal={The Annals of Statistics},
  volume={50},
  number={3},
  pages={1722--1746},
  year={2022},
  publisher={Institute of Mathematical Statistics}
}

@article{CGG24,
  title={Additive smoothing error in backward variational inference for general state-space models},
  author={Chagneux, M. and Gassiat, {\'E}. and Gloaguen, P. and Le Corff, S.},
  journal={Journal of Machine Learning Research},
  volume={25},
  number={28},
  pages={1--33},
  year={2024}
}

@article{CeD85,
  title={The SEM algorithm: a probabilistic teacher algorithm derived from the EM algorithm for the mixture problem},
  author={Celeux, G. and Diebolt, J.},
  journal={Computational statistics quarterly},
  volume={2},
  pages={73--82},
  year={1985}
}

@article{Che02,
  title={Zero-inflated models for regression analysis of count data: a study of growth and development},
  author={Cheung, Y.B},
  journal={Statistics in medicine},
  volume={21},
  number={10},
  pages={1461--1469},
  year={2002},
  publisher={Wiley Online Library}
}

@book{Cre15,
  title={Statistics for spatial data},
  author={Cressie, Noel},
  year={2015},
  publisher={John Wiley \& Sons}
}

@Manual{Che21,
    title = {hawkesbow: Estimation of Hawkes Processes from Binned Observations},
    author = {Cheysson, F.},
    year = {2021},
    note = {R package version 1.0.2},
    url = {https://CRAN.R-project.org/package=hawkesbow},
  }

@article{cambonmicrobial,
  author={Cambon, M. and Trillat, M. and Lesur-Kupin, I. and Burlett, R. and Chancerel, E. and Guichoux, E. and Piouceau, L. and Castagneyrol, B. and Le Provost, G. and Robin, S. and others},
  title={Microbial biomarkers of tree water status for next-generation biomonitoring of forest ecosystems},
  journal={Molecular ecology}, 
  note={doi.org/10.1111/mec.17149}
}

@InBook{CCM22,
 title = {Approches statistiques pour les variables cach{\'e}es en {\'e}cologie},
 chapter = {Le mod{\`e}le {P}oisson log-normal pour l’analyse de distributions jointes d’abondance},
 publisher = {ISTE},
 year = {2022},
 author={Chiquet, J. and Cros, M-J and Mariadassou, M. and Peyrard, N. and Robin, S},
 editor = {Peyrard, N. and Gimenez, O.},
 pages = {175},
}

@article{CoH17,
  title={Consistency, breakdown robustness, and algorithms for robust improper maximum likelihood clustering},
  author={Coretto, P. and Hennig, C.},
  journal={Journal of Machine Learning Research},
  volume={18},
  number={142},
  pages={1--39},
  year={2017},
  publisher={Microtome Publishing}
}

@article{CoH16,
  title={Robust improper maximum likelihood: tuning, computation, and a comparison with other methods for robust Gaussian clustering},
  author={Coretto, P. and Hennig, C.},
  journal={Journal of the American Statistical Association},
  volume={111},
  number={516},
  pages={1648--1659},
  year={2016},
  publisher={Taylor \& Francis}
}

@article{CRR18,
  title={Between-year changes in community composition shape species' roles in an Arctic plant--pollinator network},
  author={Cirtwill, A. R and Roslin, T. and Rasmussen, C. and Olesen, J. M. and Stouffer, D. B},
  journal={Oikos},
  volume={127},
  number={8},
  pages={1163--1176},
  year={2018},
  publisher={Wiley Online Library}
}

@article{CMM12,
  title={Adaptive multiple importance sampling},
  author={Cornuet, J.-M. and Marin, J.-M. and Mira, A. and Robert, C. P},
  journal={Scandinavian Journal of Statistics},
  volume={39},
  number={4},
  pages={798--812},
  year={2012},
  publisher={Wiley Online Library}
}

@article{CKF19,
  title={The grass was greener: repeated evolution of specialized morphologies and habitat shifts in ghost spiders following grassland expansion in South America},
  author={Ceccarelli, F. S. and Koch, N. M. and Soto, E. M and Barone, M. L and Arnedo, M. A and Ram{\'\i}rez, M. J},
  journal={Systematic Biology},
  volume={68},
  number={1},
  pages={63--77},
  year={2019},
  publisher={Oxford University Press}
}

@article{CMR21,
  AUTHOR={Chiquet, J. and Mariadassou, M. and Robin, S.},   
  TITLE={The {P}oisson-Lognormal Model as a Versatile Framework for the Joint Analysis of Species Abundances},      
  JOURNAL={Frontiers in Ecology and Evolution},      
  VOLUME={9},      
  PAGES={188},     
  YEAR={2021},     
  URL={https://www.frontiersin.org/article/10.3389/fevo.2021.588292},     
  DOI={10.3389/fevo.2021.588292}
  }
  
@TechReport{CMR20,
  author = {Chiquet, J. and Mariadassou, M. and Robin, S.},
  title = {The {P}oisson-lognormal model as a versatile framework for the joint analysis of species abundances},
  year = {2020},
  institution = {bioRxiv}, 
  number = {2020.10.07.329383},
}

@article{ChG08,
  title={Search for additive nonlinear time series causal models},
  author={Chu, T. and Glymour, C.},
  journal={Journal of Machine Learning Research},
  volume={9},
  number={May},
  pages={967--991},
  year={2008}
}

@article{CWL18,
  title={Unravelling changing interspecific interactions across environmental gradients using {M}arkov random fields},
  author={Clark, N. J and Wells, K. and Lindberg, O.},
  journal={Ecology},
  volume={99},
  number={6},
  pages={1277--1283},
  year={2018},
  publisher={Wiley Online Library}
}

@article{CPB17,
  title={Interaction rewiring and the rapid turnover of plant--pollinator networks},
  author={CaraDonna, P. J and Petry, W. K and Brennan, R. M and Cunningham, J. L and Bronstein, J. L and Waser, N. M and Sanders, N. J},
  journal={Ecology letters},
  volume={20},
  number={3},
  pages={385--394},
  year={2017},
  publisher={Wiley Online Library}
}

@inproceedings{CMR19,
  title={Variational Inference for sparse network reconstruction from count data},
  author={Chiquet, J. and Mariadassou, M. and Robin, S.},
  booktitle={International Conference on Machine Learning},
  pages={1162--1171},
  year={2019}
}

@article{ClR16,
  title={Comparing change-point location in independent series},
  author={Cleynen, A. and Robin, S.},
  journal={Statistics and Computing},
  volume={26},
  number={1-2},
  pages={263--276},
  year={2016},
  publisher={Springer}
}

@article{collilieux2015factor,
  title={A factor model approach for the joint segmentation with between-series correlation},
  author={Collilieux, X. and Lebarbier, E. and Robin, S.},
  journal={Scandinavian Journal of Statistics},
  year={2015},
  publisher={Wiley Online Library}
}

@Article{CLR18,
 author={{Collilieux}, X. and {Lebarbier}, E. and {Robin}, S.},
 title = {A factor model approach for the joint segmentation with between-series correlation},
 journal = {Scandinavian Journal of Statistics},
 year = {2018},
 pages = {1--20},
 url = {https://doi.org/10.1111/sjos.12368}
}

@article{ChC08,
  title={Extended {B}ayesian information criteria for model selection with large model spaces},
  author={Chen, J. and Chen, Z.},
  journal={Biometrika},
  volume={95},
  number={3},
  pages={759--771},
  year={2008},
  publisher={Oxford University Press}
}

@article{CMR17,
  title={Structured regularization for conditional Gaussian graphical models},
  author={Chiquet, J. and Mary-Huard, T. and Robin, S},
  journal={Statistics and Computing},
  volume={27},
  number={3},
  pages={789--804},
  year={2017},
  publisher={Springer}
}

@article{CPW12,
	Author = {Chandrasekaran, V. and Parrilo, P. A. and Willsky, A. S.},
	Journal = {The {A}nnals of {S}tatistics},
	Number = {4},
	Pages = {1935-1967},
	Title = {Latent variable graphical model selection via convex optimization},
	Volume = {40},
	Year = {2012}
	}
	
@inproceedings{ChL14,
  title={Estimating latent-variable graphical models using moments and likelihoods},
  author={Chaganty, A. T. and Liang, P.},
  booktitle={International Conference on Machine Learning},
  pages={1872--1880},
  year={2014}
}

@article{CMR18a,
  title={Variational inference for probabilistic {P}oisson {PCA}},
  author={{Chiquet}, J. and {Mariadassou}, M. and {Robin}, S.},
  journal={The Annals of Applied Statistics},
  volume={12},
  number={4},
  pages={2674--2698},
  year={2018},
  publisher={Institute of Mathematical Statistics}
}

@TechReport{CMR18b,
  title={Variational inference for sparse network reconstruction from count data},
  author={{Chiquet}, J. and {Mariadassou}, M. and {Robin}, S.},
  institution={arXiv}, 
  number = {1806.03120},
  year={2018},
  note={{\it accepted in ICML 2019}}
}

@article{CLR17,
  TITLE = {Multiple change points detection and clustering in dynamic network},
  AUTHOR = {Corneli, M. and Latouche, P. and Rossi, F.},
  journal={Statistics and Computing},
  YEAR = {2017},
}


@article{CWP12,
	Author = {V. Chandrasekaran and P. A. Parrilo and A. S. Willsky},
	Date-Added = {2016-04-22 13:31:29 +0000},
	Date-Modified = {2016-04-22 13:33:41 +0000},
	Journal = {The {A}nnals of {S}tatistics},
	Number = {4},
	Pages = {1935-1967},
	Title = {Latent variable graphical model selection via convex optimization},
	Volume = {40},
	Year = {2012}
	}

@book{CrS87,
  title={Lognormal distributions},
  author={Crow, E. L and Shimizu, K.},
  year={1987},
  publisher={Marcel Dekker New York}
}

@article{ChG95,
  title={Understanding the metropolis-hastings algorithm},
  author={Chib, S. and Greenberg, E.},
  journal={The American Statistician},
  volume={49},
  number={4},
  pages={327--335},
  year={1995},
  publisher={Taylor \& Francis Group}
}

@TechReport{CMR17b,
  title={Variational inference for probabilistic {P}oisson {PCA}},
  author={{Chiquet}, J. and {Mariadassou}, M. and {Robin}, S.},
  institution={arXiv}, 
  number = {1703.06633},
  year={2017}, 
  note={{\it to appear in The Annals of Applied Statistics}}
}


@article{CoM07,
  title={Mean-field variational approximate {B}ayesian inference for latent variable models},
  author={Consonni, G. and Marin, J.-M.},
  journal={Computational Statistics \& Data Analysis},
  volume={52},
  number={2},
  pages={790--798},
  year={2007},
  publisher={Elsevier}
}

@article{CXZ11,
  title={Estimation of parent specific {DNA} copy number in tumors using high-density genotyping arrays},
  author={Chen, H. and Xing, H. and Zhang, N. R.},
  journal={PLoS Comput Biol},
  volume={7},
  number={1},
  pages={e1001060},
  year={2011},
  publisher={Public Library of Science}
}

@article{CSB15,
  title={Assessing phenotypic correlation through the multivariate phylogenetic latent liability model},
  author={Cybis, G. B. and Sinsheimer, J. S. and Bedford, T. and Mather, A. E. and Lemey, Ph. and Suchard, M. A.},
  journal={The Annals of Applied Statistics},
  volume={9},
  number={2},
  pages={969},
  year={2015},
  publisher={NIH Public Access}
}

@article{CDR14,
  title={Comparing segmentation methods for genome annotation based on rna-seq data},
  author={Cleynen, A. and Dudoit, S. and Robin, S.},
  journal={Journal of Agricultural, Biological, and Environmental Statistics},
  volume={19},
  number={1},
  pages={101--118},
  year={2014},
  publisher={Springer}
}

@article{CHA12,
  title={Dynamic connectivity regression: determining state-related changes in brain connectivity},
  author={Cribben, I. and Haraldsdottir, R. and Atlas, L. Y and Wager, T. D and Lindquist, M. A},
  journal={Neuroimage},
  volume={61},
  number={4},
  pages={907--920},
  year={2012},
  publisher={Elsevier}
}

@inproceedings{CaX15,
  title={{P}oisson matrix completion},
  author={Cao, Y. and Xie, Y.},
  booktitle={2015 IEEE International Symposium on Information Theory (ISIT)},
  pages={1841--1845},
  year={2015},
  organization={IEEE}
}

@inproceedings{CDS01,
  title={A generalization of principal components analysis to the exponential family},
  author={Collins, M. and Dasgupta, S. and Schapire, R. E},
  booktitle={Advances in neural information processing systems},
  pages={617--624},
  year={2001}
}

@article{ChD13,
  title={Estimating and understanding exponential random graph models},
  author={Chatterjee, S. and Diaconis, P.},
  journal={The {A}nnals of {S}tatistics},
  volume={41},
  number={5},
  pages={2428--2461},
  year={2013},
  publisher={Institute of Mathematical Statistics}
}

@article{Cha82,
  title={A combinatorial proof of the all minors matrix tree theorem},
  author={Chaiken, S.},
  journal={SIAM Journal on Algebraic Discrete Methods},
  volume={3},
  number={3},
  pages={319--329},
  year={1982},
  publisher={SIAM}
}

@TechReport{CAF15,
  title={An iterative step-function estimator for graphons},
  author={Cai, D. and Ackerman, N. and Freer, C.},
  institution={arXiv}, 
  number = {1412.2129v2},
  year={2016}
}

@Article{ClL14,
 author = {Cleynen, A. and Lebarbier, E.},
 title = {Segmentation of the {P}oisson and negative binomial rate models: a penalized estimator},
 journal = {ESAIM: PS},
 year = {2014},
 volume = {18},
 pages = {750--69},
 OPTurl = {DOI: http://dx.doi.org/10.1051/ps/2014005},
}

@Article{CKL14,
AUTHOR = {Cleynen, A. and Koskas, M. and Lebarbier, E. and Rigaill, G. and Robin, S.},
TITLE = {Segmentor3IsBack: an R package for the fast and exact segmentation of Seq-data},
JOURNAL = {Algorithms for Molecular Biology},
VOLUME = {9},
YEAR = {2014},
NUMBER = {1},
PAGES = {6},
URL = {http://www.almob.org/content/9/1/6},
DOI = {10.1186/1748-7188-9-6},
PubMedID = {24612691},
ISSN = {1748-7188},
annote = {type:ACL  author:Cleynen author:Koskas author:Lebarbier author:Robin}
}

@inproceedings{ChA14,
  title={A Consistent Histogram Estimator for Exchangeable Graph Models.},
  author={Chan, S. H. and Airoldi, E.},
  booktitle={ICML},
  pages={208--216},
  year={2014}
}

@article{Cha15,
  title={Matrix estimation by universal singular value thresholding},
  author={Chatterjee, S.},
  journal={The {A}nnals of {S}tatistics},
  volume={43},
  number={1},
  pages={177--214},
  year={2015},
  publisher={Institute of Mathematical Statistics}
}

@article{ChL02,
  title={Connected components in random graphs with given expected degree sequences},
  author={Chung, F. and Lu, L.},
  journal={Annals of Combinatorics},
  volume={6},
  number={2},
  pages={125--145},
  year={2002},
  publisher={Springer}
}

@Book{CMR05,
  author =  {Capp\'e, O and Moulines, E. and Ryd\'en, T.},
  title =  {Inference in Hidden {M}arkov Models},
  publisher =  {Springer},
  year =  {2005},
}

@article{CFP03,
  title={{EM} procedures using mean field-like approximations for {M}arkov model-based image segmentation},
  author={Celeux, G. and Forbes, F. and Peyrard, N.},
  journal={Pattern recognition},
  volume={36},
  number={1},
  pages={131--144},
  year={2003},
  publisher={Elsevier}
}

@Article{CDR12,
  author = 	 {{Channarond}, A. and {Daudin}, J.-J. and {Robin}, S.},
  title = 	 {Classification and estimation in the Stochastic Block Model based on the empirical degrees},
  journal = 	 EJS,
  year = 	 {2012},
  volume = 	 {6},
  pages = 	 {2574--601},
}

@Article{CDP12,
  author =  {{Celisse}, A. and {Daudin}, J.-J. and {Pierre}, L.},
  title =  {Consistency of maximum-likelihood and variational estimators in the Stochastic Block Model},
  journal =  {Electron. J. Statis.},
  year =  {2012},
  volume =  {6},
  pages =  {1847--99},
}

@techreport{Cha15-arxiv,
   author = {{Chakar}, S.},
    title = "{A robust approach for estimating change-points in the mean of an AR(p) process}",
institution =   {arXiv}, 
  number = {1509.00899},
     year = 2015,
    month = sep,
}

@Article{CLL16,
   author = {{Chakar}, S. and {Lebarbier}, {\'E}. and {L{\'e}vy-Leduc}, C. and 
	{Robin}, S.},
    title = "{A robust approach to multiple change-point estimation in an AR(1) process}",
  journal ="Bernoulli",
  year = "2016",
  pages={\sl to appear},
}

@article{CLL17,
  title={A robust approach for estimating change-points in the mean of an $AR(1)$ process},
  author={Chakar, S. and Lebarbier, E and L{\'e}vy-Leduc, C. and Robin, S},
  journal={Bernoulli},
  volume={23},
  number={2},
  pages={1408--1447},
  year={2017},
  publisher={Bernoulli Society for Mathematical Statistics and Probability}
}

@article{ClR14,
  year={2014},
  issn={0960-3174},
  journal={Statistics and Computing},
  doi={10.1007/s11222-014-9492-y},
  title={Comparing change-point location in independent series},
  OPTurl={http://dx.doi.org/10.1007/s11222-014-9492-y},
  publisher={Springer US},
  keywords={Segmentation; Change-point comparison; Credibility intervals; {B}ayesian inference; Negative binomial},
  author={Cleynen, A. and Robin, S.},
  pages={1-14},
  language={English},    
  annote = {type:ACL author:Cleynen author:Robin}
}

@article{ChL68,
author = {Chow, C.K. and Liu, C.N.},
file = {:home/loic/Downloads/chowliu.pdf:pdf},
journal = {IEEE Transactions on Information Theory},
number = {3},
pages = {462--467},
title = {Approximating discrete probability distributions with dependence trees},
volume = {IT-14},
year = {1968}
}

%%%%%%%%%%%%%%%%%%%%%%%%%%%%%%%%%%%%%%%%%%%%%%%%%%%%%%%
% D
@article{DLP14,
  title={A note on BIC in mixed-effects models},
  author={Delattre, M. and Lavielle, M. and Poursat, M-A},
  journal={Electronic Journal of Statistics},
  volume={8},
  pages={456--475},
  year={2014}
}

@book{Dur08,
  title={Probability models for DNA sequence evolution},
  author={Durrett, Richard},
  volume={2},
  year={2008},
  publisher={Springer}
}

@book{DaV03,
  title={An introduction to the theory of point processes: volume I: elementary theory and methods},
  author={Daley, D. J and Vere-Jones, D.},
  year={2003},
  publisher={Springer}
}

@TechReport{DLR23,
  title={Multiple change-point detection for {P}oisson processes},
  author={Dion-Blanc, C and Lebarbier, E and Robin, S},
  institution = {arXiv}, 
  number = {2302.09103},
  year = 2023
}

@TechReport{DHL24,
  title={Multiple change-point detection for {P}oisson processes},
  author={Dion-Blanc, C and Hawat, D. and Lebarbier, E and Robin, S},
  institution = {arXiv}, 
  number = {2302.09103},
  year = 2024
}

@article{DRS21,
  title={Imputation of incomplete large-scale monitoring count data via penalized estimation},
  author={Dakki, M. and Robin, G. and Suet, M. and Qninba, A. and El Agbani, M. A and Ouassou, A. and El Hamoumi, R. and Azafzaf, H. and Rebah, S. and Feltrup-Azafzaf, C. and others},
  journal={Methods in Ecology and Evolution},
  volume={12},
  number={6},
  pages={1031--1039},
  year={2021},
  publisher={Wiley Online Library}
}

@article{DQE01,
  title={Waders wintering in Morocco: national population estimates, trends and site-assessments},
  author={Dakki, M and Qninba, A and El Agbani, M-A and Benhoussa, A and Beaubrun, P-C},
  journal={Bulletin-Wader Study Group},
  volume={96},
  pages={47--59},
  year={2001},
  publisher={International Waterfowl and Wetlands Research Bureau}
}

@article{DLJ16,
  title={Unravelling Darwin's entangled bank: architecture and robustness of mutualistic networks with multiple interaction types},
  author={D{\'a}ttilo, W. and Lara-Rodr{\'\i}guez, N. and Jordano, P. and Guimar{\~a}es Jr, Paulo R and Thompson, J. N and Marquis, R. J and Medeiros, L. P and Ortiz-Pulido, R. and Marcos-Garc{\'\i}a, M. A and Rico-Gray, V.},
  journal={Proceedings of the Royal Society B: Biological Sciences},
  
  volume={283},
  number={1843},
  pages={20161564},
  year={2016},
  publisher={The Royal Society}
}

@inproceedings{DKP17,
  title={Sampling random spanning trees faster than matrix multiplication},
  author={Durfee, D. and Kyng, R. and Peebles, J. and Rao, A.B and Sachdeva, S.},
  booktitle={Proceedings of the 49th Annual ACM SIGACT Symposium on Theory of Computing},
  pages={730--742},
  year={2017}
}

@book{DoB18,
  title={An introduction to generalized linear models},
  author={Dobson, A.J and Barnett, A.G},
  year={2018},
  publisher={CRC press}
}

@TechReport{DoR17,
  title={Using deterministic approximations to accelerate SMC for posterior sampling},
  author={Donnet, S. and Robin, S.},
  institution = {arXiv}, 
  number = {1707.07971},
  year={2017}
}

@article{DoR21,
  title={Accelerating {B}ayesian estimation for network {P}oisson models using frequentist variational estimates},
  author={Donnet, S. and Robin, S.},
  journal={Journal of the Royal Statistical Society: Series C (Applied Statistics)},
  year={2021},
  publisher={Wiley Online Library}
}

@Book{DRV99,
  author = 	 {Daudin, J.-J. and Robin, S. and Vuillet, C.},
  title = 	 {Statistique inf\'erentielle~: Id\'ees, d\'emarches, exemples},
  publisher = 	 {Presses Universitaires de Rennes},
  year = 	 {1999},
  series = 	 {Soci\'et\'e Fran\c{c}aise de Statistique}
}

@book{DBE15, 
  title = {Le modèle linéaire et ses extensions}, 
  author = {Daudin, J.-J. and Bel, L. and Etienne, M.-P. and Lebarbier, E. and Mary-Huard, T. and Robin, S. and Vuillet, C.}, 
  publisher = 	 {Ellipses},
  year = 	 {2015}
  }

  @book{Dev86,
  title={Non-uniform random variate generation},
  author={Devroye, L.},
  year={1986},
  publisher={Springer}
}

@inproceedings{DKP17,
  title={Sampling random spanning trees faster than matrix multiplication},
  author={Durfee, D. and Kyng, R. and Peebles, J. and Rao, A. B and Sachdeva, S.},
  booktitle={Proceedings of the 49th Annual ACM SIGACT Symposium on Theory of Computing},
  pages={730--742},
  year={2017}
}

@misc{DuG17,
  author = "Dua, D. and Graff, C.",
  year = "2017",
  title = "{UCI} Machine Learning Repository",
  url = "http://archive.ics.uci.edu/ml",
  institution = "University of California, Irvine, School of Information and Computer Sciences" 
} 

@TechReport{DoR19,
   author = {{Donnet}, S. and {Robin}, S.},
    title = "{{B}ayesian inference for network {P}oisson models}",
  institution = {arXiv}, 
  number = {1907.09771},
     year = 2019
}

@article{DrM17,
  title={Structure learning in graphical modeling},
  author = {Drton, M. and Maathuis, M. H},
  journal={Annual Review of Statistics and Its Application},
  volume={4},
  pages={365--393},
  year={2017},
  publisher={Annual Reviews}
}

@TechReport{DrM16,
   author = {Drton, M. and Maathuis, M. H},
    title = "Structure Learning in Graphical Modeling",
  institution = {arXiv}, 
  number = {1606.02359},
     year = 2016
}

@InBook{DGH17,
 title = {Capture-Recapture Methods for the Social and Medical Sciences},
 chapter = {Convex estimation},
 publisher = {Chapman \& {H}all},
 year = {2017},
 author = {Durot, C. and Giguelay, J. and Huet, S. and Koladjo, F. and Robin, S.},
}

@MastersThesis{Don08,
 author = {Dondelinger, F.},
 title = {Inferring Ecological Networks From Species Abundance Data},
 school = {University of Edinburgh},
 year = {2008},
}


@book{DEK98,
  title={Biological sequence analysis: probabilistic models of proteins and nucleic acids},
  author={Durbin, R. and Eddy, S. R and Krogh, A. and Mitchison, G.},
  year={1998},
  publisher={Cambridge university press}
}

@article{DHK15,
  title={Nonparametric species richness estimation under convexity constraint},
  author={Durot, C. and Huet, S. and Koladjo, F. and Robin, S.},
  journal={Environmetrics},
  volume={26},
  number={7},
  pages={502--513},
  year={2015},
  publisher={Wiley Online Library}
}

@article{DLM17,
  title={SegCorr a statistical procedure for the detection of genomic regions of correlated expression},
  author={Delatola, E.I. and Lebarbier, E. and Mary-Huard, T. and Radvanyi, F. and Robin, S. and Wong, J.},
  journal={BMC bioinformatics},
  volume={18},
  number={1},
  pages={333},
  year={2017},
  publisher={BioMed Central}
}

@inproceedings{DeB15,
  title={Bounding errors of expectation-propagation},
  author={Dehaene, G. P and Barthelm{\'e}, S.},
  booktitle={Advances in Neural Information Processing Systems},
  pages={244--252},
  year={2015}
}

@article{DeB18,
  title={Expectation propagation in the large data limit},
  author={Dehaene, G. and Barthelm{\'e}, S},
  journal={Journal of the Royal Statistical Society: Series B (Statistical Methodology)},
  volume={80},
  number={1},
  pages={199--217},
  year={2018},
  publisher={Wiley Online Library}
}

@TechReport{DoR17,
   author = {{Donnet}, S. and {Robin}, S.},
    title = "{Using deterministic approximations to accelerate SMC for posterior sampling}",
  institution = {arXiv}, 
  number = {1612.06928},
     year = 2017
}

@article{DDJ06,
archivePrefix = {arXiv},
arxivId = {cond-mat/0212648v1},
author = {{Del Moral}, P. and Doucet, A. and Jasra, A.},
doi = {10.1111/j.1467-9868.2006.00553.x},
eprint = {0212648v1},
isbn = {1467-9868},
issn = {13697412},
journal = {Journal of the Royal Statistical Society: Series B},
keywords = {Importance sampling,{M}arkov chain Monte Carlo methods,Ratio of normalizing constants,Resampling,Sequential Monte Carlo methods,Simulated annealing},
number = {3},
pages = {411--436},
pmid = {237597200004},
primaryClass = {cond-mat},
title = {{Sequential Monte Carlo samplers}},
volume = {68},
year = {2006}
}

@article{DGG04,
  title={Computational methods for hidden {M}arkov tree models-an application to wavelet trees},
  author={Durand, J.-B. and Goncalves, P. and Gu{\'e}don, Y.},
  journal={IEEE Transactions on Signal Processing},
  volume={52},
  number={9},
  pages={2551--2560},
  year={2004},
  publisher={IEEE}
}

@Book{Dob90,
  author = 	 {Dobson, A. J.},
  title = 	 {An introduction to generalized linear models},
  publisher = 	 {Chapman \& Hall},
  year = 	 {1990}
}

@Article{DRL05,
 author = {Delmar, P. and Robin, S. and Le Roux, D. and Daudin, J.-J.},
 title = {Mixture model on the variance for the differential analysis of gene expression},
 journal = {Journal of the Royal Statistical Society: Series C},
 year = {2005},
 volume = {54},
 number = {1},
 pages = {31--50}
}

@Article{DRD05,
 author = {Delmar, P. and Robin, S. and Daudin, J.-J.},
 title = {VarMixt : Efficient variance modelling for the differential
analysis of replicated gene expression data},
 journal = {Bioinformatics},
 year = {2005},
 pages = {502--8},
 volume = {21},
 number = {4},
 OPTnote = {{\tt doi:10.1093/bioinformatics/bti023}},
}

@ARTICLE{DSC11,
  title = {The {NBP} Negative Binomial Model for Assessing Differential Gene Expression from {RNA-Seq}},
  author = {Di, Y. and Schafer, D.W. and Cumbie, J.S. and Chang, J.H.},
  year = {2011},
  journal = {Statistical Applications in Genetics and Molecular Biology},
  volume = {10},
  number = {1},
  pages = {1-28}
}

@article{DSY12,
  title={Topological domains in mammalian genomes identified by analysis of chromatin interactions},
  author={Dixon, Jesse R and Selvaraj, Siddarth and Yue, Feng and Kim, Audrey and Li, Yan and Shen, Yin and Hu, Ming and Liu, Jun S and Ren, Bing},
  journal={Nature},
  volume={485},
  number={7398},
  pages={376--380},
  year={2012},
  publisher={Nature Publishing Group}
}

@article{DPR08,
  author =  {Daudin, J.-J. and Picard, F. and Robin, S.},
  title =  {A mixture model for random graphs},
  journal =  {Statistics and Computing},
  year =  {2008},
  volume =  {18},
  number =  {2},
  pages =  {173--83}
  }

@Article{DPV10,
author = {Daudin, J.-J. and Pierre, L. and Vacher, C.},
title = {Model for Heterogeneous Random Networks Using Continuous Latent Variables and an Application to a Tree--Fungus Network},
journal = {Biometrics},
volume = {66},
number = {4},
publisher = {Blackwell Publishing Inc},
issn = {1541-0420},
OPTurl = {http://dx.doi.org/10.1111/j.1541-0420.2009.01378.x},
doi = {10.1111/j.1541-0420.2009.01378.x},
pages = {1043--1051},
keywords = {Ecological network, Grade of membership model, Heterogeneous random graph, Maximum likelihood, Mixture model},
year = {2010},
}

@article{DaL93,
author = {Dawid, A. P. and Lauritzen, S. L.},
journal = {The {A}nnals of {S}tatistics},
number = {3},
pages = {1272--1317},
title = {{Hyper {M}arkov Laws in the Statistical Analysis of Decomposable Graphical Models}},
volume = {21},
year = {1993}
}

@Article{DiJ08,
  author = 	 {Diaconis, P. and Janson, S.},
  title = 	 {Graph limits and exchangeable random graphs},
  journal = 	 {Rendiconti di Matematica},
  year = 	 {2008},
  volume = 	 {7},
  number = 	 {28},
  pages = 	 {33-61},
  address = {Rome},
}

@Article{DLR77,
  author =  {Dempster, A. P. and Laird, N. M. and Rubin, D. B.},
  title =  {Maximum Likelihood from Incomplete Data via the {EM} algorithm},
  journal =  {Journal of the Royal Statistical Society: Series B},
  year =  {1977},
  volume =  {39},
  pages =  {1--38}
}

%%%%%%%%%%%%%%%%%%%%%%%%%%%%%%%%%%%%%%%%%%%%%%%%%%%%%%%
% E
@article{ESR14,
  title={Estimation and prediction in spatial models with block composite likelihoods},
  author={Eidsvik, J and Shaby, B. A and Reich, B. J and Wheeler, M. and Niemi, J.},
  journal={Journal of Computational and Graphical Statistics},
  volume={23},
  number={2},
  pages={295--315},
  year={2014},
  publisher={Taylor \& Francis}
}

@article{EfS81,
  title={The jackknife estimate of variance},
  author={Efron, B. and Stein, C.},
  journal={The Annals of Statistics},
  pages={586--596},
  year={1981},
  publisher={JSTOR}
}

@article{EAS98,
  title={The geometry of algorithms with orthogonality constraints},
  author={Edelman, A. and Arias, T. A and Smith, S. T},
  journal={SIAM journal on Matrix Analysis and Applications},
  volume={20},
  number={2},
  pages={303--353},
  year={1998},
  publisher={SIAM}
}

@article{ElL09,
  title={Species distribution models: ecological explanation and prediction across space and time},
  author={Elith, J. and Leathwick, J. R.},
  journal={Annual review of ecology, evolution, and systematics},
  volume={40},
  year={2009}
}

@article{ETS01,
  title={Empirical {B}ayes analysis of a microarray experiment},
  author={Efron, B. and Tibshirani, R. and Storey, J. D and Tusher, V.},
  journal={Journal of the American statistical association},
  volume={96},
  number={456},
  pages={1151--1160},
  year={2001},
  publisher={Taylor \& Francis}
}

@article{EJK15,
  title={The dimensionality of ecological networks},
  author={Ekl{\"o}f, A and Jacob, U and Kopp, J and Bosch, J and Castro-Urgal, R and Chacoff, N. P and Dalsgaard, B and de Sassi, C and Galetti, M and Guimar{\~a}es, P. R and others},
  journal={Ecology letters},
  volume={16},
  number={5},
  pages={577--583},
  year={2013},
  publisher={Wiley Online Library}
}

@article{EcY36,
  title={The approximation of one matrix by another of lower rank},
  author={Eckart, C. and Young, G.},
  journal={Psychometrika},
  volume={1},
  number={3},
  pages={211--218},
  year={1936},
  publisher={Springer}
}

@article{EHJ04,
  title={Least angle regression},
  author={Efron, B. and Hastie, T. and Johnstone, I. and Tibshirani, R.},
  journal={The {A}nnals of {S}tatistics},
  volume={32},
  number={2},
  pages={407--499},
  year={2004},
  publisher={Institute of Mathematical Statistics}
}


%%%%%%%%%%%%%%%%%%%%%%%%%%%%%%%%%%%%%%%%%%%%%%%%%%%%%%%
% F
@article{Fel73,
  title={Maximum likelihood and minimum-steps methods for estimating evolutionary trees from data on discrete characters},
  author={Felsenstein, J.},
  journal={Systematic Biology},
  volume={22},
  number={3},
  pages={240--249},
  year={1973},
  publisher={Society of Systematic Zoology}
}

@article{Fel81,
  title={Evolutionary trees from DNA sequences: a maximum likelihood approach},
  author={Felsenstein, J.},
  journal={Journal of molecular evolution},
  volume={17},
  pages={368--376},
  year={1981},
  publisher={Springer}
}

@article{FHC21,
  title={Joint species distributions reveal the combined effects of host plants, abiotic factors and species competition as drivers of species abundances in fruit flies},
  author={Facon, B. and Hafsi, A. and Charlery De La Masseliere, M. and Robin, S. and Massol, F. and Dubart, M. and Chiquet, J. and Frago, E. and Chiroleu, F. and Duyck, P.-F.},
  journal={Ecology Letters},
  volume={24},
  number={9},
  pages={1905--1916},
  year={2021},
  publisher={Wiley Online Library}
}

@article{FCW43,
  title={The relation between the number of species and the number of individuals in a random sample of an animal population},
  author={Fisher, R. A and Corbet, A S. and Williams, C. B},
  journal={The Journal of Animal Ecology},
  pages={42--58},
  year={1943},
  publisher={JSTOR}
}

@article{FaP20,
  title={Robust model-based clustering with mild and gross outliers},
  author={Farcomeni, A. and Punzo, A.},
  journal={Test},
  volume={29},
  number={4},
  pages={989--1007},
  year={2020},
  publisher={Springer}
}

@TechReport{FHC20,
	author = {Facon, B. and Hafsi, A. and Charleryde la Masseli\`ere, M. and Robin, S. and Massol, F. and Dubart, M. and Chiquet, J. and Frago, E. and Chiroleu, F. and Duyck, P.-F. and Ravign\'e, V.},
	title = {Joint species distributions reveal the combined effects of host plants, abiotic factors and species competition as drivers of community structure in fruit flies},
  year={2020},
  institution = {bioRxiv},
  number = {2020.12.07.414326}
}

@article{FrR99,
  title={MCLUST: Software for model-based cluster analysis},
  author={Fraley, C. and Raftery, A.E},
  journal={Journal of classification},
  volume={16},
  number={2},
  pages={297--306},
  year={1999},
  publisher={Springer}
}

@article{FTD09,
  title={Are insect pollinators more generalist than insect herbivores?},
  author={Fontaine, C. and Th{\'e}bault, E. and Dajoz, I.},
  journal={Proceedings of the Royal Society B: Biological Sciences},
  volume={276},
  number={1669},
  pages={3027--3033},
  year={2009},
  publisher={The Royal Society}
}

@article{FHJ09,
  author={Friedman, J. and Hastie, T. and Tibshirani, R.},
  title={glmnet: {L}asso and elastic-net regularized generalized linear models},
  journal={R package version},
  year={2009}
}

@article{FEA19,
  title = {A generalized statistical framework to assess mixing ability from incomplete mixing designs using binary or higher order variety mixtures and application to wheat},
  author = {Forst, E. and Enjalbert, J. and Allard, V. and Ambroise, C. and Krissaane, I. and Mary-Huard, T. and Robin, S. and Goldringer, I.},
 journal={Field Crops Research},
  volume={242},
  pages={107571},
  year={2019},
  publisher={Elsevier}
}

@article{FLG15,
  title={Metagenomics meets time series analysis: unraveling microbial community dynamics},
  author={Faust, K. and Lahti, L. and Gonze, D. and De Vos, W. M and Raes, J.},
  journal={Current opinion in microbiology},
  volume={25},
  pages={56--66},
  year={2015},
  publisher={Elsevier}
}

@article{FaR12,
  title={Microbial interactions: from networks to models},
  author={Faust, K. and Raes, J.},
  journal={Nature Reviews Microbiology},
  volume={10},
  number={8},
  pages={538},
  year={2012},
  publisher={Nature Publishing Group}
}

@article{FHZ17,
  title={g{C}oda: conditional dependence network inference for compositional data},
  author={Fang, H. and Huang, C. and Zhao, H. and Deng, M.},
  journal={Journal of Computational Biology},
  volume={24},
  number={7},
  pages={699--708},
  year={2017},
  publisher={Mary Ann Liebert, Inc. 140 Huguenot Street, 3rd Floor New Rochelle, NY 10801 USA}
}

@article{For16,
  title={Modelling structured data with probabilistic graphical models},
  author={Forbes, F.},
  journal={EAS Publications Series},
  volume={77},
  pages={195--219},
  year={2016},
  publisher={EDP Sciences}
}

@TechReport{FSG08b,
 author = {Frigyik, B. A and Srivastava, S. and Gupta, M. R},
 title = {An introduction to functional derivatives},
 institution = {Dept. Electr. Eng., Univ. Washington, Seattle, WA},
 year = {2008}
 }

@article{FSG08,
  title={Functional Bregman divergence and {B}ayesian estimation of distributions},
  author={Frigyik, B. A and Srivastava, S. and Gupta, M. R},
  journal={IEEE Transactions on Information Theory},
  volume={54},
  number={11},
  pages={5130--5139},
  year={2008},
  publisher={IEEE}
}

@article{Fit71,
	author = "Fitch, W. M.",
	bdsk-url-1 = "http://dx.doi.org/10.1093/sysbio",
	bdsk-url-2 = "http://dx.doi.org/10.1093/sysbio",
	eprint = "http://sysbio.oxfordjournals.org/content/20/4/406.full.pdf+html",
	journal = "Systematic Biology",
	localfile = "/home/bastide/Dropbox/Bastide_These/Biblio/Fitch_1971.pdf",
	number = "4",
	pages = "406--416",
	title = "{Toward Defining the Course of Evolution: Minimum Change for a Specific Tree Topology}",
	volume = "20",
	year = "1971"
}

@article{FNA06,
  title={Fish assemblages in the {B}arents {S}ea},
  author={Fossheim, M. and Nilssen, E. M and Aschan, M.},
  journal={Marine Biology Research},
  volume={2},
  number={4},
  pages={260--269},
  year={2006},
  publisher={Taylor \& Francis}
}

@inproceedings{FoD10,
  title={Extended {B}ayesian information criteria for Gaussian graphical models},
  author={Foygel, R. and Drton, M.},
  booktitle={Advances in neural information processing systems},
  pages={604--612},
  year={2010}
}

@article{FoB14,
  title={Contact patterns among high school students},
  author={Fournet, J. and Barrat, A.},
  journal={PloS one},
  volume={9},
  number={9},
  pages={e107878},
  year={2014},
  publisher={Public Library of Science}
}

@article{FHT08,
  title={Sparse inverse covariance estimation with the graphical lasso},
  author={Friedman, J. and Hastie, T. and Tibshirani, R.},
  journal={Biostatistics},
  volume={9},
  number={3},
  pages={432--441},
  year={2008},
  publisher={Biometrika Trust}
}

@article{FrS86,
  title={{M}arkov graphs},
  author={Frank, O. and Strauss, D.},
  journal={Journal of the American Statistical Association},
  volume={81},
  number={395},
  pages={832--842},
  year={1986},
  publisher={Taylor \& Francis Group}
}

@article {FrH82,
    AUTHOR = {Frank, O. and Harary, F.},
     TITLE = {Cluster inference by using transitivity indices in empirical
              graphs},
   JOURNAL = {J. Amer. Statist. Assoc.},
  FJOURNAL = {Journal of the American Statistical Association},
    VOLUME = {77},
      YEAR = {1982},
    NUMBER = {380},
     PAGES = {835-840},
}

@article{FoR12,
  title={A tutorial on variational {B}ayesian inference},
  author={Fox, C. W. and Roberts, S. J.},
  journal={Artificial Intelligence Review},
  volume={38},
  number={2},
  pages={85--95},
  year={2012},
  publisher={Springer}
}

@article{FSP04,
    author = {Fridlyand, J. and Snijders, A. M. and Pinkel, D. and Albertson, D. G. and Jain, A. N.},
    booktitle = {Special Issue on Multivariate Methods in Genomic Data Analysis},
    doi = {10.1016/j.jmva.2004.02.008},
    issn = {0047259X},
    journal = {Journal of Multivariate Analysis},
    keywords = {hmm\_manu},
    month = jul,
    number = {1},
    pages = {132--153},
    posted-at = {2006-09-19 20:36:45},
    priority = {0},
    title = {Hidden {M}arkov models approach to the analysis of array {CGH} data},
    OPTurl = {http://dx.doi.org/10.1016/j.jmva.2004.02.008},
    volume = {90},
    year = {2004}
}

@Article{FSP03,
   Author="Falush, D.  and Stephens, M.  and Pritchard, J. K. ",
   Title="{{I}nference of population structure using multilocus genotype data: linked loci and correlated allele frequencies}",
   Journal="Genetics",
   Year="2003",
   Volume="164",
   Number="4",
   Pages="1567--1587",
   Month="Aug"
}

@Article{Fel81,
   Author="Felsenstein, J. ",
   Title="{{E}volutionary trees from {D}{N}{A} sequences: a maximum likelihood approach}",
   Journal="J. Mol. Evol.",
   Year="1981",
   Volume="17",
   Number="6",
   Pages="368--376"
}

@Article{Fel85,
  Title                    = {{Phylogenies and the Comparative Method}},
  Author                   = {Felsenstein, J.},
  Journal                  = {The American Naturalist},
  Year                     = {1985},
  Month                    = jan,
  Number                   = {1},
  Pages                    = {pp. 1--15},
  Volume                   = {125},
}

@Book{Fel04,
  Title                    = {{Inferring Phylogenies}},
  Author                   = {Felsenstein, J.},
  Publisher                = {Sinauer Associates},
  Year                     = {2004},
  Address                  = {Suderland, USA},
}

@article{Fea06,
  title={Exact and efficient {B}ayesian inference for multiple changepoint problems},
  author={Fearnhead, P.},
  journal={Statistics and computing},
  volume={16},
  number={2},
  pages={203--213},
  year={2006},
  publisher={Springer}
}

%%%%%%%%%%%%%%%%%%%%%%%%%%%%%%%%%%%%%%%%%%%%%%%%%%%%%%%
% G
@article{GMH25,
  title={Onboard recordings reveal how bats maneuver under severe acoustic interference},
  author={Goldshtein, A. and Mazar, O. and Harten, L. and Amichai, E. and Assa, R. and Levi, A. and Orchan, Y. and Toledo, S. and Nathan, R. and Yovel, Y.},
  journal={Proceedings of the National Academy of Sciences},
  volume={122},
  number={14},
  pages={e2407810122},
  year={2025},
  publisher={National Academy of Sciences}
}

@techreport{GaL23,
   author = {Gassiat, {\'E}. and Le Corff, S.},
    title = {Variational excess risk bound for general state space models},
    institution =   {arXiv}, 
    number = {2312.09607},
    year = 2023
}

@article{GLS00,
  title={Genetic variability and gene flow in the globally, critically-endangered Taita thrush},
  author={Galbusera, P. and Lens, L. and Schenck, T. and Waiyaki, E. and Matthysen, E.},
  journal={Conservation Genetics},
  volume={1},
  pages={45--55},
  year={2000},
  publisher={Springer}
}

@article{GaS10,
  title={Composite likelihood Bayesian information criteria for model selection in high-dimensional data},
  author={Gao, X. and Song, P. X-K},
  journal={Journal of the American Statistical Association},
  volume={105},
  number={492},
  pages={1531--1540},
  year={2010},
  publisher={Taylor \& Francis}
}


@article{GBR24,
  title={A robust model-based clustering based on the geometric median and the {M}edian {C}ovariation {M}atrix},
  author={Godichon-Baggioni, A. and Robin, S.},
  journal={Statistics and computing},
  pages={24--55},
  year={2024},
  publisher={Springer}
}


@TechReport{GBR22,
  title={A robust model-based clustering based on the geometric median and the Median Covariation Matrix},
  author={Godichon-Baggioni, A. and Robin, S.},
  institution = {arXiv}, 
  number = {2211.08131},
  year = 2022
}

@article{GGM10,
  title={A review of robust clustering methods},
  author={Garc{\'\i}a-Escudero, L. A. and Gordaliza, A. and Matr{\'a}n, C. and Mayo-Iscar, A.},
  journal={Advances in Data Analysis and Classification},
  volume={4},
  number={2},
  pages={89--109},
  year={2010},
  publisher={Springer}
}

@TechReport{GYZ19,
  title={Robust clustering using tau-scales},
  author={Gonzalez, J.D and Yohai, V.J and Zamar, R.H},
  institution = {arXiv}, 
  number = {1906.08198},
  year = 2019
}

@TechReport{GMY21,
   author = {Gonzalez, J.D and Maronna, R. and Yohai, V.J and Zamar, R.H},
    title = {Robust Model-Based Clustering},
  institution = {arXiv}, 
  number = {2102.06851},
  year = 2021
}

@article{GGM08,
  title={A general trimming approach to robust cluster analysis},
  author={Garc{\'\i}a-Escudero, L.A and Gordaliza, A. and Matr{\'a}n, C. and Mayo-Iscar, A.},
  journal={The Annals of Statistics},
  volume={36},
  number={3},
  pages={1324--1345},
  year={2008},
  publisher={Institute of Mathematical Statistics}
}

@book{GAJ93,
  title={Pr{\'e}cis de math{\'e}matiques: Algèbre 1},
  author={Guinin, D. and Aubonnet, F. and Joppin, B.},
  year={1993},
  publisher={Br{\'e}al}
}

@book{GAJ94,
  title={Pr{\'e}cis de math{\'e}matiques: Alg{\`e}bre 2},
  author={Guinin, D. and Aubonnet, F. and Joppin, B.},
  year={1994},
  publisher={Br{\'e}al}
}

@inproceedings{GJM19,
  title={An instability in variational inference for topic models},
  author={Ghorbani, B. and Javadi, H. and Montanari, A.},
  booktitle={International conference on machine learning},
  pages={2221--2231},
  year={2019},
  organization={PMLR}
}

@article{GBD19,
  title={Bringing Elton and Grinnell together: a quantitative framework to represent the biogeography of ecological interaction networks},
  author={Gravel, D. and Baiser, B. and Dunne, J. A and Kopelke, J-P and Martinez, N. D and Nyman, T. and Poisot, T. and Stouffer, D. B and Tylianakis, J. M and Wood, S. A and Roslin, T.},
  journal={Ecography},
  volume={42},
  number={3},
  pages={401--415},
  year={2019},
  publisher={Wiley Online Library}
}

@article{GRC09,
AUTHOR = {Guedj, M. and Robin, S. and C\'elisse, A. and Nuel, G.},
TITLE = {Kerfdr: a semi-parametric kernel-based approach to local false discovery rate estimation},
JOURNAL = {BMC Bioinformatics},
VOLUME = {10},
YEAR = {2009},
NUMBER = {1},
PAGES = {84},
URL = {http://www.biomedcentral.com/1471-2105/10/84},
DOI = {10.1186/1471-2105-10-84},
PubMedID = {19291295},
ISSN = {1471-2105},
}

@article{GiB12,
  title={Spatial network structure and metapopulation persistence},
  author={Gilarranz, L. J and Bascompte, J.},
  journal={Journal of Theoretical Biology},
  volume={297},
  pages={11--16},
  year={2012},
  publisher={Elsevier}
}

@techreport{GaL17a,
  title={Testing network structure using relations between small subgraph probabilities},
  author={Gao, C. and Lafferty, J.},
  institution = {arXiv}, 
  number = {1704.06742},
  year={2017}
}

@techreport{GaL17b,
  title={Testing for Global Network Structure Using Small Subgraph Statistics},
  author={Gao, C. and Lafferty, J.},
  institution = {arXiv}, 
  number = {1704.06742},
  year={2017}
}

@inproceedings{GhB01,
  title={Propagation algorithms for variational {B}ayesian learning},
  author={Ghahramani, Z. and Beal, M. J},
  booktitle={Advances in neural information processing systems},
  pages={507--513},
  year={2001}
}

@Article{Gre13,
  Title                    = {Fuzzy coding in constrained ordinations},
  Author                   = {Greenacre, M.},
  Journal                  = {Ecology},
  Year                     = {2013},
  Number                   = {2},
  Pages                    = {280--286},
  Volume                   = {94},
  Publisher                = {Wiley Online Library}
}

@book{GrP14,
  title={Multivariate analysis of ecological data},
  author={Greenacre, M. and Primicerio, R.},
  year={2014},
  publisher={Fundacion BBVA}
}

@article{Gre13,
  title={Fuzzy coding in constrained ordinations},
  author={Greenacre, M.},
  journal={Ecology},
  volume={94},
  number={2},
  pages={280--286},
  year={2013},
  publisher={Wiley Online Library}
}

@techreport{GhH96,
  title={Parameter estimation for linear dynamical systems},
  author={Ghahramani, Z. and Hinton, G. E},
  year={1996},
  institution={University of Toronto, Dept. of Computer Science},
  number={CRG-TR-96-2}
}

@article{GeH96,
  title={Knowledge representation and inference in similarity networks and {B}ayesian multinets},
  author={Geiger, D. and Heckerman, D.},
  journal={Artificial Intelligence},
  volume={82},
  number={1-2},
  pages={45--74},
  year={1996},
  publisher={Elsevier}
}

@article{GBR13,
  title={Discovering patterns in time-varying graphs: a triclustering approach},
  author={Guigour{\`e}s, Romain and Boull{\'e}, Marc and Rossi, Fabrice},
  journal={Advances in Data Analysis and Classification},
  pages={1--28},
  year={2015},
  publisher={Springer}
}

@article{GoN03,
  title={Clustering with block mixture models},
  author={Govaert, G. and Nadif, M.},
  journal={Pattern Recognition},
  volume={36},
  number={2},
  pages={463--473},
  year={2003},
  publisher={Elsevier}
}

@Article{GoN05,
  author =  {G. Govaert and M. Nadif},
  title =  {An {EM} Algorithm for the Block Mixture Model},
  journal =  {IEEE Trans. Pattern Anal. Machine Intel.},
  year =  {2005},
  OPTkey =  {},
  volume =  {27},
  number =  {4},
  pages =  {643--7},
  OPTmonth =  {April},
  OPTnote =  {},
  OPTannote =  {}
}

@article{GLZ15,
  title={Rate-optimal graphon estimation},
  author={Gao, C. and Lu, Y. and Zhou, H.H.},
  journal={The {A}nnals of {S}tatistics},
  volume={43},
  number={6},
  pages={2624--2652},
  year={2015},
  publisher={Institute of Mathematical Statistics}
}

@Article{GoS10,
  author =  {Gouda, A.A. and Sz\'antai, T.},
  title =  {On numerical calculation of probabilities according to {D}irichlet distribution},
  journal =  {Ann. Oper. Res.},
  year =  {2010},
  volume =  {177},
  pages =  {185--200},
  OPTnote =  {DOI: 10.1007/s10479-009-0601-9},
}

@Article{GDR12,
  author = {Gazal, S. and Daudin, J.-J. and Robin, S.},
  title = {Accuracy of variational estimates for random graph mixture models},
  journal = {Journal of Statistical Computation and Simulation},
  volume = {82},
  number = {6},
  pages = {849-862},
  year = {2012},
  OPTdoi = {10.1080/00949655g.2011.560117},
  URL = {http://www.tandfonline.com/doi/abs/10.1080/00949655.2011.560117}
}

@Article{GuB05,
  author =  {Gunawardana, A. and Byrne, W.},
  title =  {Convergence Theorems for Generalized Alternating Minimization Procedures},
  journal =  {J. Mach. Learn. Res.},
  year =  {2005},
  volume =  {6},
  pages =  {2049--73},
}

@article{GCR16,
  year={2016},
  issn={0960-3174},
  journal={Statistics and Computing},
  volume={26},
  number={1-2},
  doi={10.1007/s11222-014-9523-8},
  title={Inference in finite state space non parametric Hidden {M}arkov Models and applications},
  OPTurl={http://dx.doi.org/10.1007/s11222-014-9523-8},
  publisher={Springer US},
  keywords={Identifiability; Hidden {M}arkov Models; Non-parametric},
  author={Gassiat, {\'E}. and Cleynen, A. and Robin, S.},
  pages={61-71},
  language={English}
}

%%%%%%%%%%%%%%%%%%%%%%%%%%%%%%%%%%%%%%%%%%%%%%%%%%%%%%%
% H
@article{HaY12,
  title={Statistics for the {L}uria-{D}elbr{\"u}ck distribution},
  author={Hamon, A. and Ycart, B.},
  journal={Electronic Journal of Statistics},
  volume={6},
  pages={1251--1272},
  year={2012}
}

@article{HaO74,
  author    = {Hawkes, A.G. and Oakes, D.},
  journal   = {Journal of Applied Probability},
  number    = {3},
  pages     = {493--503},
  publisher = {Applied Probability Trust},
  title     = {A Cluster Process Representation of a Self-Exciting Process},
  urldate   = {2024-04-04},
  volume    = {11},
  year      = {1974}
}


@article{HoA14,
  title={A linear-time algorithm for Gaussian and non-Gaussian trait evolution models},
  author={Ho, L.s.T. and An{\'e}, C.},
  journal={Systematic biology},
  volume={63},
  number={3},
  pages={397--408},
  year={2014},
  publisher={Oxford University Press}
}

@book{HTF09,
  title={The elements of statistical learning: data mining, inference, and prediction},
  author={Hastie, T. and Tibshirani, R. and Friedman, J. H},
  volume={2},
  year={2009},
  publisher={Springer}
}

@article{Haw71a,
  title={Spectra of some self-exciting and mutually exciting point processes},
  author={Hawkes, A. G},
  journal={Biometrika},
  volume={58},
  number={1},
  pages={83--90},
  year={1971},
  publisher={Oxford University Press}
}

@article{Haw71b,
  title={Point spectra of some mutually exciting point processes},
  author={Hawkes, A. G},
  journal={Journal of the Royal Statistical Society: Series B},
  volume={33},
  number={3},
  pages={438--443},
  year={1971},
  publisher={Oxford University Press}
}

@article{HaO74,
  title={A cluster process representation of a self-exciting process},
  author={Hawkes, A. G and Oakes, D.},
  journal={Journal of applied probability},
  volume={11},
  number={3},
  pages={493--503},
  year={1974},
  publisher={Cambridge University Press}
}

@article{HRF22,
 title={Generalized Functional Pruning Optimal Partitioning (GFPOP) for Constrained Changepoint Detection in Genomic Data},
 author={Hocking, T. D. and Rigaill, G. and Fearnhead, P. and Bourque, G.},
 journal={Journal of Statistical Software},
 volume={101},
 url={https://www.jstatsoft.org/index.php/jss/article/view/v101i10},
 doi={10.18637/jss.v101.i10},
 number={10},
 year={2022},
 pages={1–31}
}

@article{HoB17,
  title={A quantitative insight into the dependence dynamics of the {Kilauea} and {Mauna Loa} volcanoes, {Hawaii}},
  author={Ho, C-H and Bhaduri, M},
  journal={Mathematical Geosciences},
  volume={49},
  number={7},
  pages={893--911},
  year={2017},
  publisher={Springer}
}

@article{Hoe48,
  title={A Class of Statistics with Asymptotically Normal Distribution},
  author={Hoeffding, W.},
  journal={The Annals of Mathematical Statistics},
  pages={293--325},
  year={1948},
  publisher={JSTOR}
}


@article{HeN18,
  title={Persistence in stochastic Lotka--Volterra food chains with intraspecific competition},
  author={Hening, A. and Nguyen, D. H},
  journal={Bulletin of mathematical biology},
  volume={80},
  number={10},
  pages={2527--2560},
  year={2018},
  publisher={Springer}
}

@article{HHS13,
  title={Quantifying effects of abiotic and biotic drivers on community dynamics with multivariate autoregressive ({MAR}) models},
  author={Hampton, S. E. and Holmes, E. E and Scheef, Lindsay P. and Scheuerell, M. D. and Katz, S. L. and Pendleton, D. E. and Ward, E. J.},
  journal={Ecology},
  volume={94},
  number={12},
  pages={2663--2669},
  year={2013},
  publisher={Wiley Online Library}
}

@article{Har15,
  title={Generating realistic assemblages with a joint species distribution model},
  author={Harris, D. J},
  journal={Methods in Ecology and Evolution},
  volume={6},
  number={4},
  pages={465--473},
  year={2015},
  publisher={Wiley Online Library}
}

@article{HaO00,
  title={The metapopulation capacity of a fragmented landscape},
  author={Hanski, I. and Ovaskainen, O.},
  journal={Nature},
  volume={404},
  number={6779},
  pages={755},
  year={2000},
  publisher={Nature Publishing Group}
}

@article{HHB08,
  title={ergm: A package to fit, simulate and diagnose exponential-family models for networks},
  author={Hunter, D. R and Handcock, M. S and Butts, C. T and Goodreau, S. M and Morris, M.},
  journal={Journal of statistical software},
  volume={24},
  number={3},
  pages={nihpa54860},
  year={2008},
  publisher={NIH Public Access}
}

@InProceedings{HSX15,
  title={Evolving Cluster Mixed-Membership Blockmodel for Time-Varying Networks},
  author={Ho, Q. and Song, L. and Xing, E. P},
  journal={Journal of Machine Learning Research},
  volume=15,
  pages={342--350},
  year=2011,
  booktitle = {14th International Conference on Artificial Intelligence and Statistics (AISTATS)}
}

@article{HGH08,
  title={Goodness of fit of social network models},
  author={Hunter, D. R and Goodreau, S. M and Handcock, M. S},
  journal={Journal of the American Statistical Association},
  volume={103},
  number={481},
  pages={248--258},
  year={2008},
  publisher={Taylor \& Francis}
}

@article{Hol15,
  title={Modern temporal network theory: a colloquium},
  author={Holme, Petter},
  journal={The European Physical Journal B},
  volume={88},
  number={9},
  pages={1--30},
  year={2015},
  publisher={Springer}
}

@article{HaL10,
  title={Multiple change-point estimation with a total variation penalty},
  author={Harchaoui, Z. and L{\'e}vy-Leduc, C.},
  journal={Journal of the American Statistical Association},
  volume={105},
  number={492},
  pages={1480--1493},
  year={2010},
  publisher={Taylor \& Francis}
}

@article{HBW13,
  title={Stochastic variational inference.},
  author={Hoffman, M. D and Blei, D. M and Wang, C. and Paisley, J. W.},
  journal={Journal of Machine Learning Research},
  volume={14},
  number={1},
  pages={1303--1347},
  year={2013}
}

@article{HOW11,
  title={Theory of Gaussian variational approximation for a {P}oisson mixed model},
  author={Hall, P. and Ormerod, J. T and Wand, MP},
  journal={Statistica Sinica},
  pages={369--389},
  year={2011},
  publisher={JSTOR}
}

@misc{HaC71,
  title={{M}arkov fields on finite graphs and lattices},
  author={Hammersley, J. M. and Clifford, P.},
  year={1971}, 
  howpublished = {unpublished},
}

@book{Har75,
  title={Clustering algorithms (probability \& mathematical statistics)},
  author={Hartigan, John A},
  year={1975},
  publisher={John Wiley \& Sons Inc}
}

@article{HGH08,
author = {Hunter, D. R. and Goodreau, S. M. and Handcock, M. S.},
title = {Goodness of Fit of Social Network Models},
journal = {Journal of the American Statistical Association},
volume = {103},
number = {481},
pages = {248-258},
year = {2008},
doi = {10.1198/016214507000000446},
URL = {http://dx.doi.org/10.1198/016214507000000446},
eprint = {http://dx.doi.org/10.1198/016214507000000446}
}

@article{HaK10,
  title={{BaySeq: Empirical {B}ayesian methods for identifying differential expression in sequence count data}},
  author={Hardcastle, T. and Kelly, K.},
  journal={{BMC Bioinformatics}},
  volume={11},
  number={422},
  pages={1--15},
  year={2010}
}

@article{HCC05,
  title={Efficient computation of the hidden {M}arkov model entropy for a given observation sequence},
  author={Hernando, D. and Crespi, V. and Cybenko, G.},
  journal={IEEE transactions on information theory},
  volume={51},
  number={7},
  pages={2681--2685},
  year={2005},
  publisher={IEEE}
}

@ARTICLE{HLL83,
  author = {P. Holland and K.B. Laskey and S. Leinhardt},
  title = {Stochastic blockmodels: some first steps},
  journal = {Social networks},
  year = 1983,
  volume = 5,
  pages ={109-137}
}

@article{HoL79,
  title={Structural sociometry},
  author={Holland, P.W. and Leinhardt, S.},
  journal={Perspectives on Social Network Research},
  pages={63--83},
  year={1979},
  publisher={Academic Press New York}
}

@PhdThesis{Hoc12,
  author =  {Hocking, T.D.},
  title =  {Learning algorithms and statistical softwares, with applications to bioinformatics},
  school =  {{ENS} {C}achan},
  year =  {2012},
  OPTkey =  {},
  OPTtype =  {},
  OPTaddress =  {},
  OPTmonth =  {},
  OPTnote =  {},
  OPTannote =  {}
}

@article{HMR99,
  title={{B}ayesian model averaging: a tutorial},
  author={Hoeting, J. A. and Madigan, D. and Raftery, A. E. and Volinsky, C. T. },
  journal={Statistical science},
  pages={382--401},
  volume =  {14},
  number =  {4},
  year={1999},
  publisher={JSTOR}
}

@PhdThesis{Hup08,
  author =  {Hup\'e, Ph.},
  title =  {Biostatistical algorithms for omics data in oncology: Application to {DNA} copy number microarray experiments},
  school =  {AgroParisTech},
  year =  {2008},
  OPTkey =  {},
  OPTtype =  {},
  OPTaddress =  {},
  OPTmonth =  {},
  OPTnote =  {},
  OPTannote =  {}
}

@Article{HDC01,
  title={Gene-expression profiles in hereditary breast cancer},
  author={Hedenfalk, I. and Duggan, D. and Chen, Y. and Radmacher, M. and Bittner, M. and Simon, R. and Meltzer, P. and Gusterson, B. and Esteller, M. and Raffeld, M. and others},
  journal={New England Journal of Medicine},
  volume={344},
  number={8},
  pages={539--548},
  year={2001},
  publisher={Mass Medical Soc}
}

@Article{HRT07,
  title={Model-based clustering for social networks},
  author={Handcock, M. S. and Raftery, A. E. and Tantrum, J. M.},
  journal={Journal of the Royal Statistical Society: Series A},
  volume={170},
  number={2},
  pages={301--354},
  year={2007},
  publisher={Wiley Online Library},
  OPTnote =  {{\tt doi: 10.1111/j.1467-985X.2007.00471.x}},
}

@Article{HRH02,
  author =  {Hoff, P. D. and Raftery, A. E. and Handcock, M. S.},
  title =  {Latent space approaches to social network analysis},
  journal =  {Journal of the American Statistical Association},
  year =  {2002},
  volume =  {97},
  number =  {460},
  pages =  {1090--98},
}

@Article{Han97,
  Title                    = {Stabilizing selection and the comparative analysis of adaptation},
  Author                   = {Hansen, T. F.},
  Journal                  = {Evolution},
  Year                     = {1997},
  Month                    = {oct},
  Number                   = {5},
  Pages                    = {1341--1351},
  Volume                   = {51},
}

@article{HoA13b,
	Author = {Ho, L. S. T. and An{\'e}, C.},
	Date-Modified = {2015-11-24 17:07:23 +0000},
	Journal = {Systematic Biology},
	Number = {3},
	Pages = {397--408},
	Title = {{A Linear-Time Algorithm for Gaussian and Non-Gaussian Trait Evolution Models}},
	Volume = {63},
	Year = {2013}
}

%%%%%%%%%%%%%%%%%%%%%%%%%%%%%%%%%%%%%%%%%%%%%%%%%%%%%%%
% I
@article{IDC03,
  title={Estimating community stability and ecological interactions from time-series data},
  author={Ives, A. R. and Dennis, B. and Cottingham, K. L. and Carpenter, S. R.},
  journal={Ecological monographs},
  volume={73},
  number={2},
  pages={301--330},
  year={2003},
  publisher={Wiley Online Library}
}

@article{IYA17,
  title={A review of multivariate distributions for count data derived from the {P}oisson distribution},
  author={Inouye, D. I and Yang, E. and Allen, G. I and Ravikumar, P.},
  journal={Computational Statistics},
  volume={9},
  number={3},
  year={2017},
  publisher={Wiley Online Library}
}
%  journal={Wiley Interdisciplinary Reviews: Computational Statistics},

@TechReport{IYA16,
  title={A Review of Multivariate Distributions for Count Data Derived from the {P}oisson Distribution},
  author={Inouye, D. I. and Yang, E. and Allen, G. I. and Ravikumar, P.},
  institution={arXiv}, 
  number = {1609.00066},
  year={2016}
}

@article{Izs08,
  title={Maximum likelihood fitting of the {P}oisson log-normal distribution},
  author={Izs{\'a}k, R.},
  journal={Environmental and Ecological Statistics},
  volume={15},
  number={2},
  pages={143--156},
  year={2008},
  publisher={Springer}
}

@article{InM13,
	Author = {Ingram, T. and Mahler, D. Luke},
	Journal = {Methods in Ecology and Evolution},
	Month = {May},
	Number = {5},
	Pages = {416--425},
	Publisher = {Wiley Online Library},
	Title = {{SURFACE: Detecting Convergent Evolution from Comparative Data by Fitting Ornstein-Uhlenbeck Models with Stepwise Akaike Information Criterion}},
	Volume = {4},
	Year = {2013}
}
	
%%%%%%%%%%%%%%%%%%%%%%%%%%%%%%%%%%%%%%%%%%%%%%%%%%%%%%%
% J
@Book{JuC69,
 author = {Jukes, T.H. and Cantor, C.R.},
 title={Evolution of Protein Molecules},
 publisher = {New York: Academic Press},
 year = {1969}
}

@article{JPH11,
  title={Multiple imputation in principal component analysis},
  author={Josse, J. and Pag{\`e}s, J. and Husson, F.},
  journal={Advances in Data Analysis and Classification},
  volume={5},
  pages={231--246},
  year={2011},
  publisher={Springer}
}

@article{JMC20,
  title={A global database for metacommunity ecology, integrating species, traits, environment and space},
  author={Jeliazkov, A. and Mijatovic, D. and Chantepie, S. and Andrew, N. and Arlettaz, R. and Barbaro, L. and Barsoum, N. and Bartonova, A. and Belskaya, E. and Bonada, N.},
  journal={Scientific data},
  volume={7},
  number={1},
  pages={6},
  year={2020},
  publisher={Nature Publishing Group UK London}
}

@inproceedings{JKL18,
  title={Network global testing by counting graphlets},
  author={Jin, J. and Ke, Z. and Luo, S.},
  booktitle={International Conference on Machine Learning},
  pages={2333--2341},
  year={2018},
  organization={PMLR}
}

@article{JuR91,
  title={Hidden {M}arkov models for speech recognition},
  author={Juang, B. H. and Rabiner, L. R},
  journal={Technometrics},
  volume={33},
  number={3},
  pages={251--272},
  year={1991},
  publisher={Taylor \& Francis}
}

@article{JLB14,
  title={The random subgraph model for the analysis of an ecclesiastical network in Merovingian Gaul},
  author={Jernite, Y. and Latouche, P. and Bouveyron, C. and Rivera, P. and Jegou, L. and Lamass{\'e}, S},
  journal={The Annals of Applied Statistics},
  volume={8},
  number={1},
  pages={377--405},
  year={2014},
  publisher={Institute of Mathematical Statistics}
}

@article{JFS16,
  title={Deciphering the Pathobiome: Intra-and Interkingdom Interactions Involving the Pathogen {E}rysiphe alphitoides},
  author={Jakuschkin, B. and Fievet, V. and Schwaller, L. and Fort, T. and Robin, C. and Vacher, C.},
  journal={Microbial ecology},
  pages={1--11},
  year={2016},
  publisher={Springer}
}

@article{JaJ00,
  title={{B}ayesian parameter estimation via variational methods},
  author={Jaakkola, T. S. and Jordan, M. I.},
  journal={Statistics and Computing},
  volume={10},
  number={1},
  pages={25--37},
  year={2000},
  publisher={Springer}
}

@TechReport{Jaa00,
  author =  {T. Jaakkola},
  title =  {Tutorial on variational approximation methods},
  year =  {2000},
  OPTnote =  {{\tt people.csail.mit.edu/tommi/papers/Jaa-var-tutorial.ps}},
}

@InBook{Jaa01,
 title = {Advanced mean field methods: theory and practice},
 chapter = {Tutorial on variational approximation methods},
 publisher = {MIT Press},
 pages={129-160},
 year = {2001},
 author = {T. Jaakkola},
}

@BOOK{JKK92,
         AUTHOR = "Johnson, N. L. and Kotz, S. and Kemp, A. W.",
         TITLE = "Univariate Discrete Distributions",
         PUBLISHER = {Wiley: New-York},
         YEAR = 1992
}                 

@book{JKB97,
  title={Discrete multivariate distributions},
  author={Johnson, N. L. and Kotz, S. and Balakrishnan, N.},
  volume={165},
  year={1997},
  publisher={Wiley New York}
}

@Article{JSA11,
  title={The evolution of island gigantism and body size variation in tortoises and turtles},
  author={Jaffe, A. L and Slater, G. J and Alfaro, M. E},
  journal={Biology letters},
  pages={rsbl20101084},
  year={2011},
  publisher={The Royal Society}
}

%%%%%%%%%%%%%%%%%%%%%%%%%%%%%%%%%%%%%%%%%%%%%%%%%%%%%%%
% K
@book{Kol09,
  title={Statistical analysis of network data: Methods and models},
  author={Kolaczyk, E.},
  year={2009},
  publisher={Springer}
}

@article{KGG20,
  title={Vecchia approximations of Gaussian-process predictions},
  author={Katzfuss, M. and Guinness, J. and Gong, W. and Zilber, D.},
  journal={Journal of Agricultural, Biological and Environmental Statistics},
  volume={25},
  pages={383--414},
  year={2020},
  publisher={Springer}
}

@article{KMW16,
  title={How structured is the entangled bank? The surprisingly simple organization of multiplex ecological networks leads to increased persistence and resilience},
  author={K\'efi, S. and Miele, V. and Wieters, Evie A and Navarrete, S. A and Berlow, E. L},
  journal={PLoS biology},
  volume={14},
  number={8},
  pages={e1002527},
  year={2016},
  publisher={Public Library of Science San Francisco, CA USA}
}

@article{Kir17,
  title={An estimation procedure for the Hawkes process},
  author={Kirchner, M.},
  journal={Quantitative Finance},
  volume={17},
  number={4},
  pages={571--595},
  year={2017},
  publisher={Taylor \& Francis}
}

@article{Kir16,
  title={Hawkes and {INAR}($\infty$) processes},
  author={Kirchner, M.},
  journal={Stochastic Processes and their Applications},
  volume={126},
  number={8},
  pages={2494--2525},
  year={2016},
  publisher={Elsevier}
}

@book{KaT81,
  title={A second course in stochastic processes},
  author={Karlin, S. and Taylor, H.E.},
  year={1981},
  publisher={Elsevier}
}

@article{Kim81,
  title={Estimation of evolutionary distances between homologous nucleotide sequences.},
  author={Kimura, M.},
  journal={Proceedings of the National Academy of Sciences},
  volume={78},
  number={1},
  pages={454--458},
  year={1981}
}

@article{KFE12,
  title={Optimal detection of changepoints with a linear computational cost},
  author={Killick, R and Fearnhead, P and Eckley, I. A},
  journal={Journal of the American Statistical Association},
  volume={107},
  number={500},
  pages={1590--1598},
  year={2012},
  publisher={Taylor \& Francis}
}

@TechReport{KiW14,
   author = {Kingma, D. P and Welling, M.},
    title = {Auto-encoding variational {B}ayes},
  institution = {arXiv}, 
  number = {1312.6114},
  year = 2014
}

@article{KiW19,

url = {http://dx.doi.org/10.1561/2200000056},

year = {2019},

volume = {12},

journal = {Foundations and Trends® in Machine Learning},

title = {An Introduction to Variational Autoencoders},

doi = {10.1561/2200000056},

issn = {1935-8237},

number = {4},

pages = {307-392},

author = {Kingma, D. P. and Welling, M.}

}

@TechReport{,
   author = {},
    title = {},
  institution = {arXiv}, 
  number = {xx.xx},
  note = {},
  year = 
}

@inproceedings{KiP83, 
  title={'A computational model for combined causal and diagnostic reasoning in inference systems', 8th IJCAI},
  author={Kim, H and Perl, J},
  year={1983},
  publisher={Morgan-Kaufmann, San Mateo, CA},
  booktitle={Proceedings of the Eighth International Joint Conference on Artificial Intelligence},
}

@article{KMC12,
  title={Causal inference using graphical models with the R package pcalg},
  author={Kalisch, M. and M{\"a}chler, M. and Colombo, D. and Maathuis, M. H and B{\"u}hlmann, P.},
  journal={Journal of Statistical Software},
  volume={47},
  number={11},
  pages={1--26},
  year={2012}
}

@article{KMM15,
  title={Sparse and compositionally robust inference of microbial ecological networks},
  author={Kurtz, Z. D. and M{\"u}ller, C. L. and Miraldi, E. R. and Littman, D. R. and Blaser, M. J. and Bonneau, R. A.},
  journal={PLoS computational biology},
  volume={11},
  number={5},
  pages={e1004226},
  year={2015},
  publisher={Public Library of Science}
}

@article{KaN11,
  title={Stochastic blockmodels and community structure in networks},
  author={Karrer, B. and Newman, M. EJ},
  journal={Physical review E},
  volume={83},
  number={1},
  pages={016107},
  year={2011},
  publisher={APS}
}

@article{KKR16,
  title={Fast and accurate detection of evolutionary shifts in Ornstein--Uhlenbeck models},
  author={Khabbazian, M. and Kriebel, R. and Rohe, K. and An{\'e}, C.},
  journal={Methods in Ecology and Evolution},
  volume={7},
  number={7},
  pages={811--824},
  year={2016},
  publisher={Wiley Online Library}
}

@inproceedings{KlY04,
  title={The enron corpus: A new dataset for email classification research},
  author={Klimt, B. and Yang, Y.},
  booktitle={European Conference on Machine Learning},
  pages={217--226},
  year={2004},
  organization={Springer}
}

@article{KBC15,
  title={Estimation and selection for the latent block model on categorical data},
  author={Keribin, C. and Brault, V. and Celeux, G. and Govaert, G.},
  journal={Statistics and Computing},
  volume={25},
  number={6},
  pages={1201--1216},
  year={2015},
  publisher={Springer}
}

@inproceedings{Kir07,
  title={Learning with Tree-Averaged Densities and Distributions.},
  author={Kirshner, S.},
  booktitle={NIPS},
  pages={761--768},
  year={2007}
}

@TechReport{KTV16,
  title={Oracle inequalities for network models and sparse graphon estimation},
  author={Klopp, O. and Tsybakov, A.B. and Verzelen, N.},
  institution={arXiv}, 
  number = {1507.04118v2},
  year={2016}
}

@TechReport{KlL16,
  title={Lens depth function and $k$-relative neighborhood graph: versatile tools for ordinal data analysis},
  author={Kleindessner, M. and von Luxburg, U.},
  institution={arXiv}, 
  number = {1602.07194},
  year={2016}
}

@ARTICLE{KUH13,
title = {{DEXUS:} identifying differential expression in {RNA-Seq} studies with unknown condtions},
author = {Klambauer, G. and Unterthiner, T. and Hochreiter, S.},
year = {2013},
journal = {Nucleics Acids Research},
volume = {42},
number = {21},
pages = {1-11}
}

@article{Kra88,
	title={Predicting with networks: Nonparametric multiple regression analysis of dyadic data},
	author={Krackhardt, David},
	journal={Social networks},
	volume={10},
	number={4},
	pages={359--381},
	year={1988},
	publisher={Elsevier}
}

@article{KFE12,
  title={Optimal detection of changepoints with a linear computational cost},
  author={Killick, Rebecca and Fearnhead, Paul and Eckley, IA},
  journal={Journal of the American Statistical Association},
  volume={107},
  number={500},
  pages={1590--1598},
  year={2012},
  publisher={Taylor \& Francis}
}

@article{Kar05,
  title={{EM} algorithm for mixed {P}oisson and other discrete distributions},
  author={Karlis, D.},
  journal={ASTIN Bulletin: The Journal of the IAA},
  volume={35},
  number={1},
  pages={3--24},
  year={2005},
  publisher={Cambridge Univ. Press}
}

@article{Kru56,
    author = {Kruskal, Joseph B.},
    citeulike-article-id = {4031585},
    journal = {Proceedings of the American Mathematical Society},
    keywords = {efficient-algorithms},
    month = feb,
    number = {1},
    pages = {48--50},
    posted-at = {2009-02-10 18:40:13},
    priority = {2},
    publisher = {American Mathematical Society},
    title = {{On the Shortest Spanning Subtree of a Graph and the Traveling Salesman Problem}},
    volume = {7},
    year = {1956}
}


%%%%%%%%%%%%%%%%%%%%%%%%%%%%%%%%%%%%%%%%%%%%%%%%%%%%%%%
% L
@article{LeC49,
  title={The distribution of the numbers of mutants in bacterial populations},
  author={Lea, D. E and Coulson, C. A.},
  journal={Journal of Genetics},
  volume={49},
  pages={264--285},
  year={1949},
  publisher={Springer}
}

@article{LuD43,
  title={Mutations of bacteria from virus sensitivity to virus resistance},
  author={Luria, S. E. and Delbr{\"u}ck, M.},
  journal={Genetics},
  volume={28},
  number={6},
  pages={491},
  year={1943}
}

@article{LeA99,
  title={Distance-based redundancy analysis: testing multispecies responses in multifactorial ecological experiments},
  author={Legendre, P. and Anderson, M. J},
  journal={Ecological monographs},
  volume={69},
  number={1},
  pages={1--24},
  year={1999},
  publisher={Wiley Online Library}
}

@article{Lin88,
  title={Composite likelihood methods},
  author={Lindsay, B.G},
  journal={Contemporary mathematics},
  volume={80},
  number={1},
  pages={221--239},
  year={1988}
}

@TechReport{LiC21,
   author = {Liu, Yan and Chen, Yuguo},
    title = "Variational Inference for Latent Space Models for Dynamic Networks",
  institution = {arXiv}, 
  number = {2105.14093},
  year = 2021
}

@TechReport{Lam20,
  author = {Lambert, A.},
  title = {What a biologist should like to know},
  note = {Notes de cours}, 
  institution = {\'Ecole Normale Supérieure de Paris},
  year = {2020}
}

@article{Liu96,
  title={Metropolized independent sampling with comparisons to rejection sampling and importance sampling},
  author={Liu, J. S},
  journal={Statistics and computing},
  volume={6},
  number={2},
  pages={113--119},
  year={1996},
  publisher={Springer}
}

@TechReport{LeM21,
   author = {Le Minh, T.},
    title = "Weak convergence of {$U$}-statistics on a row-column exchangeable matrix",
  institution = {arXiv}, 
  number = {2103.12597},
  year = 2021
}

@TechReport{LCA20,
	author = {Lejal, E. and Chiquet, J. and Aubert, J. and Robin, S. and Estrada-Pe{\~n}a, A. and Rue, O. and Midoux, C. and Mariadassou, M. and Bailly, X. and Cougoul, A. and Gasqui, P. and Cosson, J.-F. and Chalvet-Monfray, K. and Vayssier-Taussat, M. and Pollet, T.},
	title = {Temporal patterns in {\sl {I}xodes ricinus} microbial communities: an insight into tick-borne microbe interactions},
  institution = {bioRxiv}, 
  number = {2020.09.26.314179}
}

@article{Leb05,
  title={Detecting multiple change-points in the mean of Gaussian process by model selection},
  author={Lebarbier, E.},
  journal={Signal processing},
  volume={85},
  number={4},
  pages={717--736},
  year={2005},
  publisher={Elsevier}
}

@article{LaS13,
  title={Birth--death models and coalescent point processes: The shape and probability of reconstructed phylogenies},
  author={Lambert, A. and Stadler, T.},
  journal={Theoretical population biology},
  volume={90},
  pages={113--128},
  year={2013},
  publisher={Elsevier}
}

@article{LoP20,
  title={Extant timetrees are consistent with a myriad of diversification histories},
  author={Louca, S. and Pennell, M. W},
  journal={Nature},
  pages={1--4},
  year={2020},
  publisher={Nature Publishing Group}
}

@article{LBD10,
  title={Statistical inference of the time-varying structure of gene-regulation networks},
  author={L{\`e}bre, S. and Becq, J. and Devaux, F. and Stumpf, M.PH and Lelandais, G.},
  journal={BMC systems biology},
  volume={4},
  number={1},
  pages={130},
  year={2010},
  publisher={BioMed Central}
}

@article{LDV15,
  title={Clustering methods differ in their ability to detect patterns in ecological networks},
  author={L\'eger, J-B and Daudin, J-J and Vacher, C},
  journal={Methods in Ecology and Evolution},
  volume={6},
  number={4},
  pages={474--481},
  year={2015},
  publisher={Wiley Online Library}
}

@inproceedings{LRW10,
  title={Stability approach to regularization selection ({StARS}) for high dimensional graphical models},
  author={Liu, H. and Roeder, K. and Wasserman, L.},
  booktitle={Advances in neural information processing systems},
  pages={1432--1440},
  year={2010}
}


@TechReport{Leg16,
  title={Blockmodels: A {R}-package for estimating in Latent Block Model and Stochastic Block Model, with various probability functions, with or without covariates},
  author={L{\'e}ger, J.-B.},
  institution={arXiv:1602.07587},
  year={2016}
}

@TechReport{LFM16,
  author = 	 {Lee, W and Fosdick, B. K and  McCormick, T. H},
  title = 	 {Inferring social structure from continuous-time interaction data},
  institution =  {arXiv:1609.02629},
  year = 	 2016,
}

@article{LXZ08,
  title={Stochastic segmentation models for array-based comparative genomic hybridization data analysis},
  author={Lai, T. L. and Xing, H. and Zhang, N.},
  journal={Biostatistics},
  volume={9},
  number={2},
  pages={290--307},
  year={2008},
  publisher={Biometrika Trust}
}

@TechReport{LDS16,
   author = {{Liu}, L.~T. and {Dobriban}, E. and {Singer}, A.},
    title = "{$e$PCA: High Dimensional Exponential Family PCA}",
  institution = {arXiv}, 
  number = {1611.05550},
}

@inproceedings{LiT10,
  title={Simple exponential family {PCA}.},
  author={Li, J. and Tao, D.},
  booktitle={AISTATS},
  pages={453--460},
  year={2010}
}

@TechReport{Laf15,
  title={Low rank matrix completion with exponential family noise},
  author={Lafond, J.},
  institution={arXiv}, 
  number = {1502.06919},
  year={2015}
}

@techreport{LaL15,
  title={Generalized principal component analysis: Projection of saturated model parameters},
  author={Landgraf, A. J and Lee, Y.},
  year={2015},
  institution={Technical Report 892, Department of Statistics, The Ohio State University}
}

@inproceedings{LeS01,
  title={Algorithms for non-negative matrix factorization},
  author={Lee, D. D and Seung, H S.},
  booktitle={Advances in neural information processing systems},
  pages={556--562},
  year={2001}
}

@phdthesis{Lan15,
  title={Generalized Principal Component Analysis: Dimensionality Reduction through the Projection of Natural Parameters},
  author={Landgraf, A. J},
  year={2015},
  school={The Ohio State University}
}

@article{Lux07,
  title={A tutorial on spectral clustering},
  author={Von Luxburg, U.},
  journal={Statistics and computing},
  volume={17},
  number={4},
  pages={395--416},
  year={2007},
  publisher={Springer}
}

@article{LLK08,
  title={Determination of tag density required for digital transcriptome analysis: application to an androgen-sensitive prostate cancer model},
  author={Li, H. and Lovci, M. T. and Kwon, Y. S. and Rosenfeld, M. G. and Fu, X. D. and Yeo, G. W.},
  journal={Proceedings of the National Academy of Sciences},
  volume={105},
  number={51},
  pages={20179--20184},
  year={2008},
  publisher={National Acad Sciences}
}

@article{LiT13,
  title={Finding consistent patterns: a nonparametric approach for identifying differential expression in {RNA-Seq} data},
  author={Li, J. and Tibshirani, R.},
  journal={Statistical Methods in Medical Research},
  volume={22},
  number={5},
  pages={519--523},
  year={2013}
}

@article{LNM12,
  title={Detecting differential expression in {RNA}-sequence data using quasi-likelihood with shrunken dispersion estimates},
  author={Lund, S.P. and Nettleton, D. and {McCarthy}, D.J. and Smyth, G.K.},
  journal={Statistical applications in genetics and molecular biology},
  volume={11},
  number={5},
  pages={8},
  year={2012}
}

@article{LiT13,
  title={Finding consistent patterns: a nonparametric approach for identifying differential expression in {RNA-Seq} data},
  author={Li, J. and Tibshirani, R.},
  journal={Statistical Methods in Medical Research},
  volume={22},
  number={5},
  pages={519--523},
  year={2013}
}

@article{Lov14,
  title={Moderated estimation of fold change and dispersion for {RNA}-Seq data with {DESeq2}},
  author={Love, M.I. and Huber, W. and Anders, S.},
  journal={Genome Biology},
  volume={15},
  pages={550},
  year={2014}
}

@article{Law15,
  title={Voom: precision weights unlock linear model analysis tools for {RNA}-Seq read counts},
  author={Law, C.W. and Chen, Y. and Shi, W. and Smyth, G.K.},
  journal={Genome Biology},
  volume={15},
  pages={R29},
  year={2014}
}

@article{Lar14,
	author = "Nicolas Lartillot",
	bdsk-url-1 = "http://dx.doi.org/10.1093/bioinformatics",
	date-modified = "2015-11-24 17:19:56 +0000",
	journal = "Bioinformatics",
	number = "4",
	pages = "488--496",
	title = "{A Phylogenetic {Kalman} Filter for Ancestral Trait Reconstruction Using Molecular Data}",
	volume = "30",
	year = "2014"
}

@Article{LDM14,
   author = {{L\'evy-Leduc}, C. and {Delattre}, M. and {Mary-Huard}, T. and {Robin}, S.},
    title = "{Two-dimensional segmentation for analyzing HiC data}",
  journal={Bioinformatics},
  volume={30},
  number={17},
  pages={i386--i392},
  year={2014},
  publisher={Oxford University Press}
}

@Article{LBB08,
author="von Luxburg, Ulrike and Belkin, Mikhail and Bousquet, Olivier",
title="{Consistency of spectral clustering.}",
language="English",
journal="Ann. Stat. ",
volume="36",
number="2",
pages="555-586",
year="2008",
doi={10.1214/009053607000000640},
keywords="{spectral clustering; graph Laplacian; consistency; convergence of
    eigenvectors}",
}

@Article{LeM06,
  author = {Lebarbier, E. and Mary-Huard, T.},
  title =  {Une introduction au crit\`ere {BIC}~: fondements th\'eoriques et interpr\'etation},
  journal =  {J. Soc. Fran\c{c}aise Statis.},
  year =  {2006},
  volume =  {147},
  number =  {1},
  pages =  {39--57},
}

@Article{Lou82,
  title={Finding the observed information matrix when using the {EM} algorithm},
  author={Louis, T. A.},
  journal={Journal of the Royal Statistical Society. Series B},
  pages={226--233},
  year={1982},
  publisher={JSTOR}
}

@TechReport{LRO15,
   author = {{Latouche}, P. and {Robin}, S. and {Ouadah}, S.},
    title = "{Goodness of fit of logistic models for random graphs}",
  institution = {arXiv}, 
  number = {1508.00286},
    year = 2015,
}

@article{LRO17,
  author = {Latouche, P. and Robin, S. and Ouadah, S.},
  title={Goodness of fit of logistic regression models for random graphs},
  journal={Journal of Computational and Graphical Statistics},
  number={just-accepted},
  year={2017},
  publisher={Taylor \& Francis},
doi = {10.1080/10618600.2017.1349663},
URL = {http://dx.doi.org/10.1080/10618600.2017.1349663},
eprint = {http://dx.doi.org/10.1080/10618600.2017.1349663}
}

@article{LRO18,
  author = {Latouche, P. and Robin, S. and Ouadah, S.},
  title = {Goodness of Fit of Logistic Regression Models for Random Graphs},
  journal = {Journal of Computational and Graphical Statistics},
  volume = {27},
  number = {1},
  pages = {98-109},
  year  = {2018},
  publisher = {Taylor & Francis},
  doi = {10.1080/10618600.2017.1349663},
  URL = {https://doi.org/10.1080/10618600.2017.1349663},
  eprint = {https://doi.org/10.1080/10618600.2017.1349663}
}

@Article{LBA11,
author="Latouche, P. and Birmel\'e, E. and Ambroise, C.",
title="{Overlapping stochastic block models with application to the French
    political blogosphere.}",
language="English",
journal="Ann. Appl. Stat. ",
volume="5",
number="1",
pages="309-336",
year="2011",
doi={10.1214/10-AOAS382},
keywords="{random graph models; blockmodels; overlapping clusters; global and local variational techniques}",
}

@techreport{LaR13,
   author = {{Latouche}, P. and {Robin}, S},
    title = {{B}ayesian Model Averaging of Stochastic Block Models to Estimate the Graphon Function and Motif Frequencies in a {$W$}-graph Model},
   institution = {arXiv}, 
  number = {1310.6150},
     year = 2013,
     note = {\sl to appear in Statistics and Computing},
}

@article{LaR16,
  title={Variational {B}ayes model averaging for graphon functions and motif frequencies inference in {$W$}-graph models},
  author={Latouche, P. and Robin, S.},
  journal={Statistics and Computing},
  volume={26},
  number={6},
  pages={1173--1185},
  year={2016},
  publisher={Springer}
}

@Article{LBA12,
  author = 	 {{Latouche}, P. and {Birmel\'e}, E. and {Ambroise}, C.},
  title = 	 {Variational {B}ayesian Inference and Complexity Control for Stochastic Block Models},
  journal = 	 {Statis. Model.},
  year = 	 {2012},
  volume = 	 {12},
  number = 	 {1},
  pages = 	 {93--115},
}

@Article{LLR16,
author="Legrand, J. and L{\'e}ger, J.-B. and Robin, S. and Vernoux, T. and Gu{\'e}don, Y.",
title="Modelling the influence of dimerisation sequence dissimilarities on the auxin signalling network",
journal="BMC Systems Biology",
year="2016",
volume="10",
number="1",
pages="1--17",
issn="1752-0509",
doi="10.1186/s12918-016-0254-7",
OPTurl="http://dx.doi.org/10.1186/s12918-016-0254-7"
}

@inproceedings{Lyu11,
  added-at = {2012-03-23T00:00:00.000+0100},
  author = {Lyu, Siwei},
  biburl = {http://www.bibsonomy.org/bibtex/2f299d3ee70648184a03f93a39f9fcdd5/dblp},
  booktitle = {NIPS},
  editor = {Shawe-Taylor, John and Zemel, Richard S. and Bartlett, Peter L. and Pereira, Fernando C. N. and Weinberger, Kilian Q.},
  keywords = {dblp},
  pages = {64-72},
  timestamp = {2012-03-23T00:00:00.000+0100},
  title = {Unifying Non-Maximum Likelihood Learning Objectives with Minimum {KL} Contraction.},
  url = {http://dblp.uni-trier.de/db/conf/nips/nips2011.html#Lyu11},
  year = 2011
}

@article{LoS06,
title = "Limits of dense graph sequences",
author = "Lov\'asz, L. and Szegedy, B.",
journal = "Journal of Combinatorial Theory, Series B ",
volume = "96",
number = "6",
pages = "933 - 957",
year = "2006",
note = "",
issn = "0095-8956",
doi = "http://dx.doi.org/10.1016/j.jctb.2006.05.002",
url = "http://www.sciencedirect.com/science/article/pii/S0095895606000517",
keywords = "Graph homomorphism",
keywords = "Convergent graph sequence",
keywords = "Limit",
keywords = "Quasirandom graph "
}

@Book{Lau96,
  author =  {Lauritzen, S. L.},
  title =  {Graphical Models},
  publisher =  {Clarendon Press},
  year =  {1996},
  series =  {Oxford Statistical Science Series},
}

@Article{LaM00,
  author ={Lavielle, M. and Moulines, E.},
  title ="Least-squares estimation of an unknown number of shifts in a time series",
  journal ="Journal of time series analysis",
  year = "2000",
  pages={33-59},
  volume={21},
  number={1}
}

%%%%%%%%%%%%%%%%%%%%%%%%%%%%%%%%%%%%%%%%%%%%%%%%%%%%%%%
% M
@article{McA01,
  title={Fitting multivariate models to community data: a comment on distance-based redundancy analysis},
  author={McArdle, B. H and Anderson, M. J},
  journal={Ecology},
  volume={82},
  number={1},
  pages={290--297},
  year={2001},
  publisher={Wiley Online Library}
}

@Article{MCM12,
  title = {{MixSim}: An {R} Package for Simulating Data to Study Performance of Clustering Algorithms},
  author = {Melnykov, V. and Chen, W-C and Maitra, R.},
  journal = {Journal of Statistical Software},
  year = {2012},
  volume = {51},
  number = {12},
  pages = {1--25},
  url = {https://doi.org/10.18637/jss.v051.i12},
}

@article{MSA19,
  title={Telling ecological networks apart by their structure: A computational challenge},
  author={Michalska-Smith, M. J and Allesina, S.},
  journal={PLoS Computational Biology},
  volume={15},
  number={6},
  pages={e1007076},
  year={2019},
  publisher={Public Library of Science San Francisco, CA USA}
}

@article{MiA19,
  title={Telling ecological networks apart by their structure: A computational challenge},
  author={Michalska-Smith, M. J and Allesina, S.},
  journal={PLoS Computational Biology},
  volume={15},
  number={6},
  pages={e1007076},
  year={2019},
  publisher={Public Library of Science San Francisco, CA USA}
}

@article{MRH22,
  title={Studying speciation and extinction dynamics from phylogenies: addressing identifiability issues},
  author={Morlon, H. and Robin, St. and Hartig, F/},
  journal={Trends in Ecology \& Evolution},
  year={2022},
  publisher={Elsevier}
}

@article{MAB99,
  title={The structure of an aphid--parasitoid community},
  author={Muller, C.B. and Adriaanse, I.C.T. and Belshaw, R. and Godfray, H.C.J.},
  journal={Journal of Animal Ecology},
  volume={68},
  number={2},
  pages={346--370},
  year={1999},
  publisher={Wiley Online Library}
}

@article{MRA21,
  title={Accounting for missing actors in interaction network inference from abundance data},
  author={Momal, R. and Robin, S. and Ambroise, C.},
  journal={Journal of the Royal Statistical Society: Series C (Applied Statistics)},
  year={2021},
  publisher={Wiley Online Library}
}

@article{MoS99,
  title={Non-uniform random spanning trees on weighted graphs},
  author={Mosbah, M. and Saheb, N.},
  journal={Theoretical computer science},
  volume={218},
  number={2},
  pages={263--271},
  year={1999},
  publisher={Elsevier}
}

@article{MeJ00,
  title={Learning with mixtures of trees},
  author={Meila, M. and Jordan, M.I},
  journal={Journal of Machine Learning Research},
  volume={1},
  number={Oct},
  pages={1--48},
  year={2000}
}

@article{MCB20,
  title={Key questions for next-generation biomonitoring},
  author={Makiola, A. and Compson, Z.G and Baird, D.J and Barnes, M.A and Boerlijst, S.P and Bouchez, A. and Brennan, G. and Bush, A. and Canard, E. and Cordier, T. and others},
  journal={Frontiers in Environmental Science},
  volume={7},
  pages={197},
  year={2020},
  publisher={Frontiers}
}

@article{MDM21,
    author = {Mary-Huard, T. and Das, S. and Mukhopadhyay, I. and Robin, S.},
    title = "{Querying multiple sets of $p$-values through composed hypothesis testing}",
    journal = {Bioinformatics},
    year = {2021},
    month = {09},
    issn = {1367-4803},
    doi = {10.1093/bioinformatics/btab592},
    url = {https://doi.org/10.1093/bioinformatics/btab592},
    eprint = {https://academic.oup.com/bioinformatics/advance-article-pdf/doi/10.1093/bioinformatics/btab592/40303146/btab592.pdf},
}

@article{McM93,
  title={Flower-visiting insects of the {G}alapagos {I}slands},
  author={Mc Mullen, C.K.},
  journal={The Pan-Pacific entomologist (USA)},
  volume=69,
  pages = {95--106}, 
  year={1993}
}

@article{MoR95,
  title={A critical point for random graphs with a given degree sequence},
  author={Molloy, M. and Reed, B.},
  journal={Random structures \& algorithms},
  volume={6},
  number={2-3},
  pages={161--180},
  year={1995},
  publisher={Wiley Online Library}
}

@InBook{BMR21,
 title = {\'Etude de l'évolution par l'approche math\'ematique et informatique},
 chapter = {\'Evolution de caract\`eres continus},
 publisher = {ISTE},
 year = 2021,
 author = {Bastide, P. and Mariadassou, M. and Robin, S.},
}

@InBook{BMR24,
 title = {Models and Methods for Biological Evolution: Mathematical Models and Algorithms to Study Evolution},
 chapter = {Evolutionary Models of Continuous Traits},
 publisher = {John Wiley \& Sons},
 year = {2024},
 author = {Bastide, P. And Mariadassou, M. and Robin, S.},
 editor = {Didier, G. and Guindon, S},
 pages = {27--38}
}

@book{MDA05,
  title={Analyzing microarray gene expression data},
  author={McLachlan, G. J. and Do, K.-A. and Ambroise, C.},
  year={2005},
  publisher={John Wiley \& Sons}
}

@article{MBB06,
  title={A simple implementation of a normal mixture approach to differential gene expression in multiclass microarrays},
  author={McLachlan, G. J. and Bean, R. W. and Ben-Tovim Jones, L. },
  journal={Bioinformatics},
  volume={22},
  number={13},
  pages={1608--1615},
  year={2006},
  publisher={Oxford University Press}
}

@Article{MJR12,
title = {Exact{DAS}: An Exact Test Procedure for the Detection of Differential Alternative Splicing in Microarray Experiments},
author = {Mary-Huard, T. and Jaffrezic, F. and Robin, S.},
year = {2012},
journal = SAGMB,
volume = {11},
number = {5},
pages = {11},
url = {http://EconPapers.repec.org/RePEc:bpj:sagmbi:v:11:y:2012:i:5:n:11}
}

@InBook{MMR04,
  author = 	 {Martin-Magniette, M.-L. and Robin, S.},
  ALTeditor = 	 {Boulicaut, J.-F. and Gandrillon, O.},
  title = 	 {Informatique pour l'analyse du transcriptome},
  chapter = 	 {Techniques statistique pour l'analyse du transcriptome},
  publisher = 	 {Herm\`es},
  year = 	 {2004},
  annote =      {type:CHoS author:Martin author:Robin}
}

@InBook{MoB04,
  author = 	 {Doumas, P. and Rothan, C. and Robin, S.},
  OPTeditor = 	 {Morot-Gaudry, J.-F. and Briat, J.-F.},
  title = 	 {La g\'enomique en biologie v\'eg\'etale},
  chapter = 	 {Analyse du transcriptome v\'eg\'etal pas les puces \`a ADN},
  publisher = 	 {INRA},
  year = 	 {2004},
  series = 	 {Science update},
  pages = 	 {155--182},
  annote =      {type:CHoS author:Robin}
}

@InBook{MPR06,
  author = 	 {Mary-Huard, T. and Picard, F. and Robin, S.},
  title = 	 {Mathematical and Computational Methods in Biology},
  chapter = 	 {Introduction to Statistical Methods for Microarray Data Analysis},
  publisher = 	 {Hermann: Paris},
  year = 	 {2006},
  pages = 	 {56--126},
  annote =      {type:CHoS author:Mary-Huard author:Robin}
}

@InBook{MaR11,
  author = {Mary-Huard, T. and Robin,  S.},
  year =  {2011},
  chapter = {Introduction to Statistical Methods for Complex Systems},
  title ={Handbook of Statistical Systems Biology},
  editor = {M. Stumpf, D. J. Balding, M. Girolami},
  publisher = {Wiley},
  series ={},
  pages = {15--38},
  annote = {type:ChOS author:Mary-Huard author:Robin},
}

@TechReport{MHR20,
	author = {Morlon, H. and Hartig, F. and Robin, S.},
	title = {Prior hypotheses or regularization allow inference of diversification histories from extant timetrees},
  institution = {bioRxiv}, 
  number = {2020.07.03.185074}, 
  year = 2020
}

@inproceedings{MMA16,
  title={Variational tempering},
  author={Mandt, S. and McInerney, J. and Abrol, F. and Ranganath, R. and Blei, D.},
  booktitle={Artificial Intelligence and Statistics},
  pages={704--712},
  year={2016}
}

@article{May72,
  title={Will a large complex system be stable?},
  author={May, R. M},
  journal={Nature},
  volume={238},
  number={5364},
  pages={413--414},
  year={1972},
  publisher={Springer}
}

@TechReport{MRA20b,
author = {Momal, R. and Robin, S. and Ambroise, C.},
    title = "Accounting for missing actors in interaction network inference from abundance data",
  institution = {arXiv}, 
  number = {2007.14299 },
     year = 2020
}

@article{MRA20,
author = {Momal, R. and Robin, S. and Ambroise, C.},
title = {Tree-based inference of species interaction networks from abundance data},
journal = {Methods in Ecology and Evolution},
volume = {11},
number = {5},
pages = {621-632},
doi = {10.1111/2041-210X.13380},
url = {https://besjournals.onlinelibrary.wiley.com/doi/abs/10.1111/2041-210X.13380},
year = {2020}
}

@article{MPP11,
  title={Reconciling molecular phylogenies with the fossil record},
  author={Morlon, H. and Parsons, T. L and Plotkin, J. B},
  journal={Proceedings of the National Academy of Sciences},
  volume={108},
  number={39},
  pages={16327--16332},
  year={2011},
  publisher={National Acad Sciences}
}

@techreport{MSL14,
   author = {Muniz, M. and Silva, R. and Loschi, R},
    title = {Shannon Entropy and Mutual Information in Log Asymmetric Distributions With Normal Kernel},
institution =   {arXiv}, 
  number = {1408.4755},
     year = 2014,
}

@article{MuS08,
  title={Network inference using informative priors},
  author={Mukherjee, S. and Speed, T. P},
  journal={Proceedings of the National Academy of Sciences},
  volume={105},
  number={38},
  pages={14313--14318},
  year={2008},
  publisher={National Acad Sciences}
}

@article{MPS06,
  title={Ecological networks and their fragility},
  author={Montoya, J.M and Pimm, S.L and Sol{\'e}, R.V},
  journal={Nature},
  volume={442},
  number={7100},
  pages={259},
  year={2006},
  publisher={Nature Publishing Group}
}

@article{MSP05,
  title={Rearrangement of ecological data matrices via {M}arkov chain Monte Carlo simulation},
  author={Mikl{\'o}s, I. and Somodi, I. and Podani, J.},
  journal={Ecology},
  volume={86},
  number={12},
  pages={3398--3410},
  year={2005},
  publisher={Wiley Online Library}
}

@article{MMR19,
  author = {Miele, V. and Matias, C. and Robin, S. and Dray, S.},
  title = "Nine Quick Tips for Analyzing Network Data",
  journal={PLoS computational biology},
  volume={15},
  number={12},
  pages={e1007434},
  year={2019},
  publisher={Public Library of Science San Francisco, CA USA}
}

@article{MPD14,
  title={Spatially constrained clustering of ecological networks},
  author={Miele, V. and Picard, F. and Dray, S.},
  journal={Methods in Ecology and Evolution},
  volume={5},
  number={8},
  pages={771--779},
  year={2014},
  publisher={Wiley Online Library}
}

@TechReport{MRA19,
  title={Tree-based Reconstruction of Ecological Network from Abundance Data},
  author={{Momal}, R. and {Robin}, S. and {Ambroise}, A.},
  institution={arXiv}, 
  number = {1905.02452},
  year={2019},}

@TechReport{MaT19,
   author = {{Mariadassou}, M. and {Tabouy}, T.},
    title = "{Consistency and Asymptotic Normality of Stochastic Block Models Estimators from Sampled Data}",
  institution = {arXiv}, 
  number = {1903.12488},
     year = 2019
}


@inproceedings{Mee95,
  title={Casual Inference and Causal Explanation with Background Knowledge},
  author={MEEK, C},
  booktitle={Proceedings of the Eleventh Conference on Uncertainty in Artificial Intelligence},
  pages={403--410},
  year={1995},
  organization={Morgan Kaufmann}
}

@article{MSI02,
  title={Network motifs: simple building blocks of complex networks},
  author={Milo, R. and Shen-Orr, S. and Itzkovitz, S. and Kashtan, N. and Chklovskii, D. and Alon, U.},
  journal={Science},
  volume={298},
  number={5594},
  pages={824--827},
  year={2002},
  publisher={American Association for the Advancement of Science}
}

@Article{MRV18,
  author = 	 {Matias, C. and Rebafka, T. and Villers, F.},
  title = 	 {A semiparametric extension of the stochastic block model for longitudinal networks},
  journal = 	 {Biometrika},
  year = 	 {2018},
  note = 	 {arXiv:1512.07075},
}

@inproceedings{MWJ99,
  title={Loopy belief propagation for approximate inference: An empirical study},
  author={Murphy, K. P and Weiss, Y. and Jordan, M. I},
  booktitle={Proceedings of the Fifteenth conference on Uncertainty in artificial intelligence},
  pages={467--475},
  year={1999},
  organization={Morgan Kaufmann Publishers Inc.}
}

@inproceedings{Min01,
  title={Expectation propagation for approximate {B}ayesian inference},
  author={Minka, T. P},
  booktitle={Proceedings of the Seventeenth conference on Uncertainty in artificial intelligence},
  pages={362--369},
  year={2001},
  organization={Morgan Kaufmann Publishers Inc.}
}

@PhdThesis{Mur02,
 author = {Murphy, K. P},
 title = {Dynamic {B}ayesian networks: representation, inference and learning},
 school = {University of California, Berkeley},
 year = {2002},
}

@article{MIR13,
  title={Exceptional convergence on the macroevolutionary landscape in island lizard radiations},
  author={Mahler, D L and Ingram, T and Revell, L J and Losos, J B},
  journal={Science},
  volume={341},
  number={6143},
  pages={292--295},
  year={2013},
  publisher={American Association for the Advancement of Science}
}

@techreport{Mac97,
  title={Ensemble learning for hidden {M}arkov models},
  author={MacKay, David JC},
  institution={Cavendish Lab}, 
  year = {1997}
}


@article{MBP10,
  title={Online learning for matrix factorization and sparse coding},
  author={Mairal, J. and Bach, F. and Ponce, J. and Sapiro, G.},
  journal={Journal of Machine Learning Research},
  volume={11},
  number={Jan},
  pages={19--60},
  year={2010}
}

@article{MKD08,
  title={A multivariate {P}oisson-lognormal regression model for prediction of crash counts by severity, using {B}ayesian methods},
  author={Ma, J. and Kockelman, K. M and Damien, P.},
  journal={Accident Analysis \& Prevention},
  volume={40},
  number={3},
  pages={964--975},
  year={2008},
  publisher={Elsevier}
}

@TechReport{MRV15,
  title={A semiparametric extension of the stochastic block model for longitudinal networks},
  author={Matias, C. and Rebafka, T. and Villers, F.},
  institution={arXiv}, 
  number = {1512.07075},
  year={2015}
}

@article{MaM16,
  author = {Matias, C. and Miele, V.},
  title = {Statistical clustering of temporal networks through a dynamic stochastic block model},
  journal = {Journal of the Royal Statistical Society: Series B},
  issn = {1467-9868},
  url = {http://dx.doi.org/10.1111/rssb.12200},
  OPTdoi = {10.1111/rssb.12200},
  pages={1119--1141},
  keywords = {Contact network, Dynamic random graph, Graph clustering, Stochastic block model,
  Variational expectation-maximization},
  year = {2016},
  }

@article{MaM17,
  author = {Matias, C. and Miele, V.},
  title={Statistical clustering of temporal networks through a dynamic stochastic block model},
  journal={Journal of the Royal Statistical Society: Series B (Statistical Methodology)},
  volume={79},
  number={4},
  pages={1119--1141},
  year={2017},
  publisher={Wiley Online Library}
}

@article{MBE15,
  title={Early-life establishment of the swine gut microbiome and impact on host phenotypes},
  author={Mach, N. and Berri, M. and Estell{\'e}, J. and Levenez, F. and Lemonnier, G. and Denis, C. and Leplat, J.-J. and Chevaleyre, C. and Billon, Y. and Dor{\'e}, J. and Rogel-Gaillard, C. and Lepage, P.},
  journal={Environmental microbiology reports},
  volume={7},
  number={3},
  pages={554--569},
  year={2015},
  publisher={Wiley Online Library}
}

@Book{McN89,
  title={Generalized Linear Models}, 
  number={37},
  series={Monograph on Statistics and Applied Probability},
  author={McCullagh, P. and Nelder, J.A.},
  year={1989},
  publisher={Chapman \& Hall,}
}

@Article{McT07,
  author =  {McGrory, C. A. and Titterington, D. M.},
  title =  {Variational approximations in {B}ayesian model selection for finite mixture distributions}, 
  journal =  {Computational Statistics \& Data Analysis},
  year =  {2007},
  volume =  {51},
  pages =  {5332-67},
}

@article{McH13,
   author = {McMurdie, P. and Holmes, S.},
   journal = {PLoS ONE},
   pages = {e61217},
   title = {phyloseq: An {R} package for reproducible interactive analysis and graphics of microbiome census data},
   volume = {8},
   number = {4},
   year = {2013},
   url = {http://dx.plos.org/10.1371/journal.pone.0061217},
 }

@inproceedings{MGH09,
  title={{B}ayesian exponential family {PCA}},
  author={Mohamed, S. and Ghahramani, Z. and Heller, K. A},
  booktitle={Advances in neural information processing systems},
  pages={1089--1096},
  year={2009}
}

@inproceedings{Min00,
  title={Automatic choice of dimensionality for {PCA}},
  author={Minka, T. P},
  booktitle={NIPS},
  volume={13},
  pages={598--604},
  year={2000}
}

@article{MeB06,
  title={High-dimensional graphs and variable selection with the lasso},
  author={Meinshausen, N. and B{\"u}hlmann, P.},
  journal={The {A}nnals of {S}tatistics},
  pages={1436--1462},
  year={2006},
  publisher={JSTOR}
}

@Book{MKB79,
  author = 	 {Mardia, K.V. and Kent, J.T. and Bibby, J.M.},
  title = 	 {Multivariate analysis},
  publisher = 	 {Academic press},
  year = 	 {1979}
}

@Book{MaR07,
  author =  {J.-M. Marin and Ch. P. Robert},
  title =  {{B}ayesian Core: A Practical Approach to Computational {B}ayesian Statistics},
  publisher =  {Springer-Verlag: New-York},
  year =  {2007},
}

@ARTICLE{McC12,
title = {Differential expression analysis of multifactor {RNA}-seq experiments with respect to biological variation},
author = {McCarthy, D.J. and Chen, Y. and Smyth, G.K.},
year = {2012},
journal = {Nucleics Acids Research},
volume = {40},
number = {10},
pages = {4288-4297}
}

@article{MaM15,
  title={Convergence of the groups posterior distribution in latent or stochastic block models},
  author={Mariadassou, M. and Matias, C.},
  journal={Bernoulli},
  volume={21},
  number={1},
  pages={537--573},
  year={2015},
  publisher={Bernoulli Society for Mathematical Statistics and Probability}
}

@book{MaP00,
   author = {McLachlan, G. and Peel, D.},
   title= {Finite Mixture Models},
   publisher = {Wiley},
   year = {2000}
   }

@article{MRV10,
  title={Uncovering latent structure in valued graphs: a variational approach},
  author={Mariadassou, M. and Robin, S. and Vacher, C.},
  journal={The Annals of Applied Statistics},
  pages={715--742},
  year={2010},
  publisher={JSTOR}
}

@article{MeJ06,
 author = {Meil\u{a}, M. and Jaakkola, T.},
 title = {Tractable {B}ayesian learning of tree belief networks},
 journal = {Statistics and Computing},
 issue_date = {March 2006},
 month = mar,
 year = {2006},
 keywords = {{B}ayesian, Decomposable prior, Graphical model, Matrix tree theorem, Spanning tree, Tree belief network},
} 

@TechReport{Min05,
  author =  {Minka, T},
  title =  {Divergence measures and message passing},
  institution =  {Microsoft Research Ltd},
  year =  {2005},
  number =  {MSR-TR-2005-173},
  url =  {ftp://ftp.research.microsoft.com/pub/tr/TR-2005-173.pdf}
  }

@article{MaR14,
	author = {Matias, C. and Robin, S.},
	title = {Modeling heterogeneity in random graphs through latent space models: a selective review},
	DOI= "10.1051/proc/201447004",
	url= "http://dx.doi.org/10.1051/proc/201447004",
	journal = {ESAIM: Proc.},
	year = 2014,
	volume = 47,
	pages = "55--74",
	annote = {type:ACL author:Robin}
}

%%%%%%%%%%%%%%%%%%%%%%%%%%%%%%%%%%%%%%%%%%%%%%%%%%%%%%%
% N
@article{NBM02,
  title={Mining Bacillus subtilis chromosome heterogeneities using hidden Markov models},
  author={Nicolas, P. and Bize, L. and Muri, F. and Hoebeke, M. and Rodolphe, F. and Ehrlich, S. D. and Prum, B. and Bessi{\`e}res, Ph.},
  journal={Nucleic acids research},
  volume={30},
  number={6},
  pages={1418--1426},
  year={2002},
  publisher={Oxford University Press}
}

@article{NaS63,
  title={On the properties of {$U$}-statistics when the observations are not independent: Part two unbiased estimation of the parameters of a finite population},
  author={Nandi, H.K and Sen, P.K},
  journal={Calcutta Statistical Association Bulletin},
  volume={12},
  number={4},
  pages={124--148},
  year={1963},
  publisher={SAGE Publications Sage India: New Delhi, India}
}

@article{NoW88,
  title={Subgraph counts in random graphs using incomplete U-statistics methods},
  author={Nowicki, K. and Wierman, J. C},
  journal={Discrete Mathematics},
  volume={72},
  number={1-3},
  pages={299--310},
  year={1988},
  publisher={Elsevier}
}

@article{NiB07,
  title={Ecological networks, nestedness and sampling effort},
  author={Nielsen, A. and Bascompte, J.},
  journal={Journal of Ecology},
  volume={95},
  number={5},
  pages={1134--1141},
  year={2007},
  publisher={Wiley Online Library}
}

@article{Nea01,
  author = {Neal, R. M},
  doi = {10.1023/A:1008923215028},
  issn = {1573-1375},
  journal = {Statistics and Computing},
  number = {2},
  pages = {125--139},
  title = {{Annealed importance sampling}},
  url = {http://dx.doi.org/10.1023/A:1008923215028},
  volume = {11},
  year = {2001}
}

@article{Nel85,
  title={Multivariate gamma-{P}oisson models},
  author={Nelson, J. F},
  journal={Journal of the American Statistical Association},
  volume={80},
  number={392},
  pages={828--834},
  year={1985},
  publisher={Taylor \& Francis Group}
}

@PhdThesis{Nic06,
author = 	 {Nickel, C.L.M.},
title = 	 {Random dot product graphs: A model for social networks},
school = 	 {Johns Hopkins University},
year = 	 2006,
}


@Article{New04,
  author =  {Newman, M. E. J.},
  title = {Fast algorithm for detecting community structure in networks},
  journal =  {Phys. Rev.},
  year =  {2004},
  volume =  {E},
  number =  {69},
  pages =  {066133}
}

@Article{NeG04,
  author =  {Newman, M. and Girvan, M. },
  title =  {Finding and evaluating community structure in networks, },
  journal =  {Phys. Rev. E},
  year =  {2004},
  volume =  {69},
  pages =  {026113},
}

@article{New03,
  title={The structure and function of complex networks},
  author={Newman, M. EJ},
  journal={SIAM review},
  volume={45},
  number={2},
  pages={167--256},
  year={2003},
  publisher={SIAM}
}

@PhdThesis{Nic03,
 author = {Nicolas, P.},
 title = {Mise au point et utilisation de mod`eles de cha\^ines de {M}arkov cach\'es pour l'\'etude des s\'equences d'{ADN}},
 school = {univ. Evry},
 year = {2003},
}

@inproceedings{NPK11,
  added-at = {2011-12-15T00:00:00.000+0100},
  author = {Niinimaki, T. and Parviainen, P. and Koivisto, M.},
  booktitle = {UAI},
  editor = {Cozman, F. G. and Pfeffer, A.},
  title = {Partial Order {MCMC} for Structure Discovery in {B}ayesian Networks},
  year = 2011
}

@Article{NoS01,
  author =  {Nowicki, K. and Snijders, T.A.B.},
  title={Estimation and prediction for stochastic blockstructures},
  journal={Journal of the American {S}tatistical {A}ssociation},
  volume={96},
  number={455},
  pages={1077--1087},
  year={2001},
  publisher={Taylor \& Francis}
}

%%%%%%%%%%%%%%%%%%%%%%%%%%%%%%%%%%%%%%%%%%%%%%%%%%%%%%%
% O
@book{OvA20,
  title={Joint species distribution modelling: With applications in R},
  author={Ovaskainen, Otso and Abrego, Nerea},
  year={2020},
  publisher={Cambridge University Press}
}

@article{OBE08,
  title={Temporal dynamics in a pollination network},
  author={Olesen, J.  M and Bascompte, J. and Elberling, H. and Jordano, P.},
  journal={Ecology},
  volume={89},
  number={6},
  pages={1573--1582},
  year={2008},
  publisher={Wiley Online Library}
}

@article{OLR22,
  author = {Ouadah, S. and Latouche, P. and Robin, S.},
  title = {{Motif-based tests for bipartite networks}},
  volume = {16},
  journal = {Electronic Journal of Statistics},
  number = {1},
  publisher = {Institute of Mathematical Statistics and Bernoulli Society},
  pages = {293 -- 330},
  keywords = {Bipartite networks, expected degree distribution, Goodness-of-fit, network comparison, network motifs},
  year = {2022},
  doi = {10.1214/21-EJS1944},
  URL = {https://doi.org/10.1214/21-EJS1944}
}

@TechReport{Oui20,
   author = {Ouimet, F.},
    title = "Explicit formulas for the joint third and fourth central moments of the multinomial distribution",
  institution = {arXiv}, 
  number = {2006.09059},
  year = 2020
}

@TechReport{OLR21,
   author = {Ouadah, S. and Latouche, P. and Robin, S.},
    title = "Motif-based tests for bipartite networks",
  institution = {arXiv}, 
  note = {to appear in {\sl Electronic Journal of Statistics}},
  number = {2101.11381},
  year = 2021
}

@article{OLR20,
  title={Degree-based goodness-of-fit tests for heterogeneous random graph models: Independent and exchangeable cases},
  author = {Ouadah, S. and Latouche, P. and Robin, S.},
  journal={Scandinavian Journal of Statistics},
  volume={47},
  number={1},
  pages={156--181},
  year={2020},
  publisher={Wiley Online Library}
}

@article{OTD17,
  title={How are species interactions structured in species-rich communities? A new method for analysing time-series data},
  author={Ovaskainen, O. and Tikhonov, G. and Dunson, D. and Gr{\o}tan, V. and Engen, S. and S{\ae}ther, B.-E. and Abrego, N.},
  journal={Proceedings of the Royal Society B: Biological Sciences},
  volume={284},
  number={1855},
  pages={20170768},
  year={2017},
  publisher={The Royal Society}
}

@article{OTN17,
  title={How to make more out of community data? A conceptual framework and its implementation as models and software},
  author={Ovaskainen, O. and Tikhonov, G. and Norberg, A. and Guillaume Blanchet, F. and Duan, L. and Dunson, D. and Roslin, T. and Abrego, N.},
  journal={Ecology Letters},
  volume={20},
  number={5},
  pages={561--576},
  year={2017},
  publisher={Wiley Online Library}
}

@article{ORL19,
author = {Ouadah, S. and Robin, S. and Latouche, P.},
title = {Degree-based goodness-of-fit tests for heterogeneous random graph models: independent and exchangeable cases},
journal = {Scandinavian Journal of Statistics},
volume = {0},
number = {0},
pages = {},
year = {2019},
keywords = {degree variance, goodness-of-fit, graphon, random graphs, W-graph},
doi = {10.1111/sjos.12410},
url = {https://onlinelibrary.wiley.com/doi/abs/10.1111/sjos.12410},
}


@article{OHS10,
  title={Modeling species co-occurrence by multivariate logistic regression generates new hypotheses on fungal interactions},
  author={Ovaskainen, O. and Hottola, J. and Siitonen, J.},
  journal={Ecology},
  volume={91},
  number={9},
  pages={2514--2521},
  year={2010},
  publisher={Wiley Online Library}
}

@TechReport{ORL15,
   author = {{Ouadah}, S. and {Robin}, S. and {Latouche}, P.},
    title = "{Degree-based goodness-of-fit tests for heterogeneous random graph models : independent and exchangeable cases}",
  institution = {arXiv:1507.08140},
     year = 2015,
}

@article{OrW10,
  title={Explaining variational approximations},
  author={Ormerod, J. T and Wand, M. P},
  journal={The American Statistician},
  volume={64},
  number={2},
  pages={140--153},
  year={2010},
  publisher={Taylor \& Francis}
}

@article{OlW14,
  title={Network histograms and universality of blockmodel approximation},
  author={Olhede, S.C. and Wolfe, P.J.},
  journal={Proceedings of the National Academy of Sciences},
  volume={111},
  number={41},
  pages={14722--14727},
  year={2014},
  publisher={National Acad Sciences}
}

@InBook{OpW01,
  author =  {Opper, M. and Winther, O.},
  title =  {Advanced mean field methods: Theory and practice},
  chapter =  {From Naive Mean Field Theory to the TAP Equations},
  publisher =  {The {MIT} Press},
  year =  {2001},
}


%%%%%%%%%%%%%%%%%%%%%%%%%%%%%%%%%%%%%%%%%%%%%%%%%%%%%%%
% P
@InBook{Par24,
 title = {Models and Methods for Biological Evolution: Mathematical Models and Algorithms to Study Evolution},
 chapter = {Models of Sequences and Discrete Traits Evolution},
 publisher = {John Wiley \& Sons},
 year = {2024},
 author = {Pardoux, {\'E}},
 editor = {Didier, G. and Guindon, S},
 pages = {27--38}
}

@article{PSD00,
  title={Inference of population structure using multilocus genotype data},
  author={Pritchard, J. K and Stephens, M. and Donnelly, P.},
  journal={Genetics},
  volume={155},
  number={2},
  pages={945--959},
  year={2000},
  publisher={Oxford University Press}
}

@article{PEL19,
  title={Identifying stationary phases in multivariate time series for highlighting behavioural modes and home range settlements},
  author={Patin, R. and Etienne, M-P. and Lebarbier, E. and Chamaill\'e-Jammes, S. and Benhamou, S.},
  journal={Journal of Animal Ecology},
  volume={89},
  number={1},
  pages={44--56},
  year={2019},
  publisher={Wiley Online Library}
}

@article{PeM00,
  title={Robust mixture modelling using the t distribution},
  author={Peel, D. and McLachlan, G.J},
  journal={Statistics and computing},
  volume={10},
  number={4},
  pages={339--348},
  year={2000},
  publisher={Springer}
}

@Book{PeG22a,
 title = {Approches statistiques pour les variables cach\'ees en \'ecologie},
 publisher = {ISTE},
 year = {2022},
 editor = {Peyrard, N. and Gimenez, O.},
 isbn = {9781789480474},
}

@Book{PeG22b,
 title = {Statistical Approaches for Hidden Variables in Ecology},
 publisher = {ISTE / Wiley},
 year = {2022},
 editor = {Peyrard, N. and Gimenez, O.},
 isbn = {9781789450477},
}

@article{PFW13,
  title={Essential biodiversity variables},
  author={Pereira, H.M and Ferrier, S. and Walters, M. and Geller, G.N. and Jongman, R.H.G. and Scholes, R.J. and Bruford, M.W. and Brummitt, N. and Butchart, S.H.M. and Cardoso, A.C. and others},
  journal={Science},
  volume={339},
  number={6117},
  pages={277--278},
  year={2013},
  publisher={American Association for the Advancement of Science}
}

@article{PRL07,
  title={A segmentation/clustering model for the analysis of array {CGH} data},
  author={Picard, F. and Robin, S. and Lebarbier, E and Daudin, J-J},
  journal={Biometrics},
  volume={63},
  number={3},
  pages={758--766},
  year={2007},
  publisher={Wiley Online Library}
}

@article{PRR20,
  title={Justice et intelligence artificielle, pr\'eparer demain},
  author={P{\'e}caud-Rivolier, L. and Robin, S.},
  journal={Dalloz actualit\'e},
  note = {\'episodes I, II, III},
  year={2020},
}

@TechReport{PFC20,
  title = {Microbial association networks give relevant insights into plant pathobiomes},
  author = {Pauvert, C. and Fort, T. and Calonnec, A. and Faivre d'Arcier, J. and Chancerel, E. and Massot, M. and Chiquet, J. and Robin, S. and Bohan, D. A. and Vallance, J. and Vacher, C.},
  year = {2020}, 
  institution = {bioRxiv}, 
  number = {2020.02.21.958033}
}

@TechReport{PeP08,
  title={The {M}atrix {C}ookbook},
  author={Petersen, K. B. and Pedersen, M. S.},
  institution={Technical University of Denmark},
  year={2008}
}

@article{PCE19,
  title={Widespread losses of pollinating insects in Britain},
  author={Powney, G. D and Carvell, C. and Edwards, M. and Morris, R. KA and Roy, Helen E and Woodcock, B. A and Isaac, N. JB},
  journal={Nature communications},
  volume={10},
  number={1},
  pages={1018},
  year={2019},
  publisher={Nature Publishing Group}
}

@article{PHW18,
  title={A general algorithm for covariance modeling of discrete data},
  author={Popovic, G. C and Hui, F. KC and Warton, D. I},
  journal={Journal of Multivariate Analysis},
  volume={165},
  pages={86--100},
  year={2018},
  publisher={Elsevier}
}

@article{PWT19,
author = {Popovic, G. C. and Warton, D. I. and Thomson, F. J. and Hui, F. K. C. and Moles, A. T.},
title = {Untangling direct species associations from indirect mediator species effects with graphical models},
journal = {Methods in Ecology and Evolution},
volume = {10},
number = {9},
pages = {1571-1583},
doi = {10.1111/2041-210X.13247},
year = {2019}
}


@article{PCM12,
  title={The dissimilarity of species interaction networks},
  author={Poisot, T. and Canard, E. and Mouillot, D. and Mouquet, N. and Gravel, D.},
  journal={Ecology letters},
  volume={15},
  number={12},
  pages={1353--1361},
  year={2012},
  publisher={Wiley Online Library}
}

@article{PTM14,
  title={Understanding co-occurrence by modelling species simultaneously with a Joint Species Distribution Model (JSDM)},
  author={Pollock, L. J and Tingley, R. and Morris, W. K and Golding, N. and O'Hara, R. B and Parris, K. M and Vesk, P. A and McCarthy, M. A},
  journal={Methods in Ecology and Evolution},
  volume={5},
  number={5},
  pages={397--406},
  year={2014},
  publisher={Wiley Online Library}
}

@article{PPP17,
  title={The multilayer nature of ecological networks},
  author={Pilosof, S. and Porter, M.A and Pascual, M. and K{\'e}fi, S.},
  journal={Nature Ecology \& Evolution},
  volume={1},
  number={4},
  pages={0101},
  year={2017},
  publisher={Nature Publishing Group}
}

@article{PCG19,
  title={Exact or approximate inference in graphical models: why the choice is dictated by the treewidth, and how variable elimination can be exploited},
  author={Peyrard, N and Cros, M-J and de Givry, S and Franc, A and Robin, S and Sabbadin, R and Schiex, T and Vignes, M},
  journal={Australian \& New Zealand Journal of Statistics},
  year={2019},
  pages = {1--45},
  publisher={Wiley Online Library}
}

@article{Pea09b,
  title={Causal inference in statistics: An overview},
  author={Pearl, J.},
  journal={Statistics surveys},
  volume={3},
  pages={96--146},
  year={2009},
  publisher={The author, under a Creative Commons Attribution License}
}

@article{PSK16,
  title={Describe, understand and predict: why do we need networks in ecology?},
  author={Poisot, T. and Stouffer, D. B and K{\'e}fi, S.},
  journal={Functional Ecology},
  volume={30},
  number={12},
  pages={1878--1882},
  year={2016},
  publisher={Wiley Online Library}
}

@book{Pea09,
  title={Causality},
  author={Pearl, J.},
  year={2009},
  publisher={Cambridge university press}
}

@Article{PLC18,
 author={Perrot-Dock{\`e}s, M. and L{\'e}vy-Leduc, C., Chiquet, J. and Sansonnet, L. and Br{\'e}g{\`e}re, M. and {\'e}tienne, M.-P. and Robin, S. and Genta-Jouve, G.},
 title = {A variable selection approach in the multivariate linear model: an application to {LC-MS} metabolomics},
 journal = {Statistical Applications in Genetics and Molecular Biology},
 year = {2018},
 volume = {17}, 
 number = {5}, 
 pages = {77},
 OPTnote = {doi:10.1515/sagmb-2017-0077}
}

@article{Pea86,
  title={Fusion, propagation, and structuring in belief networks},
  author={Pearl, J.},
  journal={Artificial intelligence},
  volume={29},
  number={3},
  pages={241--288},
  year={1986},
  publisher={Elsevier}
}

@TechReport{PeP12,
 author = {Petersen, K. B. and Pedersen, M. S.},
 title = {The Matrix Cookbook},
 institution = {Technical University of Denmark},
 year = {2012},
 month = {November 15},
 url = {www.math.uwaterloo.ca/~hwolkowi/matrixcookbook.pdf},
}

@article{PaL07,
  title={Multivariate {P}oisson-lognormal models for jointly modeling crash frequency by severity},
  author={Park, E. and Lord, D.},
  journal={Transportation Research Record: Journal of the Transportation Research Board},
  number={2019},
  pages={1--6},
  year={2007},
  publisher={Transportation Research Board of the National Academies}
}

@Article{PLB11,
  author =  {Picard, F. and Lebarbier, E. and Budinska, E. and Robin, S.},
  title =  {Joint segmentation of multivariate Gaussian processes using mixed linear models},
  journal =  {Computational Statistics \& Data Analysis},
  year =  {2011},
  volume =  {55},
  number =  {2},
  pages =  {1160-70},
  annote =      {type:ACL author:Lebarbier author:Robin}
}

@Article{PLH11,
  title={Joint segmentation, calling, and normalization of multiple CGH profiles},
  author={Picard, F. and Lebarbier, E. and Hoebeke, M. and Rigaill, G. and Thiam, B. and Robin, S.},
  journal={Biostatistics},
  pages={413-28},
  year={2011},
  volume =  {12},
  number =  {3},
  publisher={Biometrika Trust},
  annote = {type:ACL author:Lebarbier author:Robin author:Rigaill}
}

@article{PaW99,
title={Logit models and logistic regressions for social networks: II. Multivariate relations},
author={Pattison, P. and Wasserman, S.},
journal={British Journal of Mathematical and Statistical Psychology},
volume={52},
number={2},
pages={169--193},
year={1999},
publisher={Wiley Online Library}
}

@InBook{PaR07,
  author =  {Pattison, P. E. and Robins, G. L. },
  title =  {Handbook of Probability Theory with Applications},
  chapter =  {Probabilistic Network Theory},
  publisher =  {Sage Publication},
  year =  {2007}
}

@Article{PMD09,
  author =  {Picard, F. and Miele, V. and Daudin, J.-J. and Cottret, L. and Robin, S.}, 
  title =  {Deciphering the connectivity structure of biological networks using MixNet},
  journal =  {BMC Bioinformatics},
  year =  {2009},
  key =  {10},
  volume =  {Suppl 6},
  pages =  {S17},
  OPTnote =  {{\tt doi:10.1186/1471-2105-10-S6-S17}}
}

@Article{PDK08,
  author =  {Picard, F. and Daudin, J.-J. and Koskas, M. and Schbath, S. and Robin, S.}, 
  title =  {Assessing the exceptionality of network motifs,},
  journal =  {J. Comp. Biol.},
  year =  {2008},
  volume =  {15},
  number =  {1},
  pages =  {1--20},
}

%%%%%%%%%%%%%%%%%%%%%%%%%%%%%%%%%%%%%%%%%%%%%%%%%%%%%%%
% Q
@article{QSL16,
  title={Shannon entropy and Kullback--Leibler divergence in multivariate log fundamental skew-normal and related distributions},
  author={De Queiroz, M. M and Silva, R. WC and Loschi, R. H},
  journal={Canadian Journal of Statistics},
  volume={44},
  number={2},
  pages={219--237},
  year={2016},
  publisher={Wiley Online Library}
}


%%%%%%%%%%%%%%%%%%%%%%%%%%%%%%%%%%%%%%%%%%%%%%%%%%%%%%%
% R
@article{Rub76,
  title={Inference and missing data},
  author={Rubin, Donald B},
  journal={Biometrika},
  volume={63},
  number={3},
  pages={581--592},
  year={1976},
  publisher={Oxford University Press}
}

@article{RRG14,
  title={Goodness-of-fit tests and nonparametric adaptive estimation for spike train analysis},
  author={Reynaud-Bouret, P. and Rivoirard, V. and Grammont, F. and Tuleau-Malot, C.},
  journal={The Journal of Mathematical Neuroscience},
  volume={4},
  pages={1--41},
  year={2014},
  publisher={Springer}
}

@article{RoS23,
  title={Mixture-based estimation of entropy},
  author={Robin, S. and Scrucca, L.},
  journal={Computational Statistics \& Data Analysis},
  volume={177},
  pages={107582},
  year={2023},
  publisher={Elsevier}
}

@incollection{RoS19,
  title={Continuous mixtures with skewness and heavy tails},
  author={Rossell, D. and Steel, M.FJ},
  booktitle={Handbook of Mixture Analysis},
  pages={219--237},
  year={2019},
  publisher={Chapman and Hall/CRC}
}

@article{RJM19,
  title={Low-rank model with covariates for count data with missing values},
  author={Robin, G. and Josse, J. and Moulines, \'E. and Sardy, S.},
  journal={Journal of Multivariate Analysis},
  volume={173},
  pages={416--434},
  year={2019},
  publisher={Elsevier}
}

@article{RuT82,
  title={{EM} algorithms for {ML} factor analysis},
  author={Rubin, D. B and Thayer, D. T},
  journal={Psychometrika},
  volume={47},
  number={1},
  pages={69--76},
  year={1982},
  publisher={Springer}
}

@Manual{Rob15-MHS,
 title = {Models with Hidden Structure: Application to Genomics},
 author = {Robin, S.},
 organization = {Master 'Math\'ematiques pour les Sciences du Vivant'},
 note = {Lecture notes}, 
 year = {2015},
}

@InBook{Rob03a,
  author =    "Robin, S.",
  editor =    "Martin, S. and Gaul, W. and Vichi, M.",
  title =        "Between Data Science And Applied Data Analysis",
  chapter =      "Some Statistical Issues in Microarray Data Analysis",
  publisher =    "Springer",
  year =         2003,
  pages =        "337--347",
  annote =      {type:CHoS author:Robin}
}

@TechReport{RoS20,
   author = {Robin, S. and Scrucca, L.},
    title = "Mixture-based estimation of entropy",
  institution = {arXiv}, 
  number = {2010.04058},
  year = 2020
}

@TechReport{Rob16b,
  title={Models with Hidden Structure with Applications in Biology and Genomics},
  author={Robin, S.},
  institution = {Lecture nootes}, 
  year = 2016, 
  url = {https://www6.inrae.fr/mia-paris/Equipes/Membres/Stephane-Robin}
}

@article{RMC09,
  title={Approximate {B}ayesian inference for latent Gaussian models by using integrated nested Laplace approximations},
  author={Rue, H. and Martino, S. and Chopin, N.},
  journal={Journal of the {R}oyal {S}tatistical {S}ociety: Series {B} (statistical methodology)},
  volume={71},
  number={2},
  pages={319--392},
  year={2009},
  publisher={Wiley Online Library}
}

@TechReport{RRV19,
  title={Graph inference with clustering and false discovery rate control},
  author={Rebafka, T. and Roquain, E. and Villers, F.},
  institution = {arXiv}, 
  number = {1907.10176},
  year = 2019
}


@inproceedings{RYW09,
  title={Model Selection in Gaussian Graphical Models: High-Dimensional Consistency of $\ell_1$-regularized MLE},
  author={Raskutti, G. and Yu, B. and Wainwright, M. J and Ravikumar, P. K},
  booktitle={Advances in Neural Information Processing Systems},
  pages={1329--1336},
  year={2009}
}

@article{RBD07,
  title={A semi-parametric approach for mixture models: Application to local false discovery rate estimation},
  author={Robin, S. and Bar-Hen, A. and Daudin, J.-J. and Pierre, L.},
  journal={Computational statistics \& data analysis},
  volume={51},
  number={12},
  pages={5483--5493},
  year={2007},
  publisher={Elsevier}
}

@article{RAR18,
  author={Robin, G. and Ambroise, C. and Robin, S.},
  title ={Incomplete graphical model inference via latent tree aggregation},
  journal = {Statistical Modelling},
  volume = {19},
  number = {5},
  pages = {545-568},
  year = {2019},
  doi = {10.1177/1471082X18786289},
}

@article{RSF15,
  title={Similar but different: dynamic social network analysis highlights fundamental differences between the fission-fusion societies of two equid species, the onager and {G}revy's zebra},
  author={Rubenstein, D. I and Sundaresan, S. R and Fischhoff, I. R and Tantipathananandh, C. and Berger-Wolf, T. Y},
  journal={PloS one},
  volume={10},
  number={10},
  pages={e0138645},
  year={2015},
  publisher={Public Library of Science}
}

@article{RPK07,
  title={An introduction to exponential random graph ($p^*$) models for social networks},
  author={Robins, G. and Pattison, P. and Kalish, Y. and Lusher, D.},
  journal={Social networks},
  volume={29},
  number={2},
  pages={173--191},
  year={2007},
  publisher={Elsevier}
}

@article{Rev09,
  title={Size-correction and principal components for interspecific comparative studies},
  author={Revell, L. J.},
  journal={Evolution},
  volume={63},
  number={12},
  pages={3258--3268},
  year={2009},
  publisher={Wiley Online Library}
}

@article{RBS15,
  title={Similar but different: Dynamic social network analysis highlights fundamental differences between the fission-fusion societies of two equid species, the onager and Grevy's zebra},
  author={Rubenstein, D. I and Sundaresan, S. R and Fischhoff, I. R and Tantipathananandh, C. and Berger-Wolf, T. Y},
  journal={PloS one},
  volume={10},
  number={10},
  pages={e0138645},
  year={2015},
  publisher={Public Library of Science}
}

@Article{RoF14,
    title = {Testing environmental and genetic effects in the presence of spatial autocorrelation},
    author = {Rousset, F.and Ferdy, J.-F.},
    journal = {Ecography},
    year = {2014},
    volume = {37},
    number = {8},
    pages = {781-790},
    url = {http://dx.doi.org/10.1111/ecog.00566},
  }

@misc{Rou16,
  title={An introduction to the {spaMM} package for mixed models},
  author={Rousset, F.},
  year={2016}
}

@TechReport{RAR17,
  title={Graphical model inference with unobserved variables via latent tree
aggregation},
  author={{Robin}, G. and {Ambroise}, C. and {Robin}, S.},
  institution={arXiv:1705.09464},
  year={2017}
}

@Manual{R,
    title = {R: A Language and Environment for Statistical Computing},
    author = {{R Core Team}},
    organization = {R Foundation for Statistical Computing},
    address = {Vienna, Austria},
    year = {2015},
    url = {https://www.R-project.org/},
}

@article{RoW05,
  title={Efficient statistical mapping of avian count data},
  author={Royle, J A. and Wikle, C. K},
  journal={Environmental and Ecological Statistics},
  volume={12},
  number={2},
  pages={225--243},
  year={2005},
  publisher={Springer}
}

@article{RCY11,
  title={Spectral clustering and the high-dimensional stochastic blockmodel},
  author={Rohe, K. and Chatterjee, S. and Yu, B.},
  journal={The {A}nnals of {S}tatistics},
  pages={1878--1915},
  year={2011},
  publisher={JSTOR}
}

@MastersThesis{Rob16,
 author = {Robin, G.},
 title = {Inf\'erence de r\'eseaux parcimonieux en pr\'esence de variables inobserv\'ees},
 school = {univ. Paris-Saclay},
 year = {2016},
}

@article{RMS10,
  title={{edgeR}: a Bioconductor package for differential expression analysis of digital gene expression data},
  author={Robinson, M. D. and McCarthy, D. J. and Smyth, G. K.},
  journal={Bioinformatics},
  volume={26},
  number={1},
  pages={139--140},
  year={2010},
  publisher={Oxford Univ Press}
}


@article{RoS08,
author = {Robinson, M. D. and Smyth, G. K.},
title = {Small-sample estimation of negative binomial dispersion, with application to {SAGE} data},
volume = {9},
pages = {321-332},
year = {2008},
journal = {Biostatistics}
}

@ARTICLE{Rob10,
title = {{A scaling normalizazion method for differential expression analysis of RNA-seq data}},
author = {Robinson, M. D. and Oshlack, A.},
year = {2010},
journal = {Genome Biology},
volume = {11},
pages = {R25}
}

@PhdThesis{Rig11,
  author =  {Rigaill, G.},
  title =  {Statistical and algorithmic developments for the analysis of {T}riple {N}egative {B}reast {C}ancers},
  school =  {ABIES},
  year =  {2011},
  OPTkey =  {},
  OPTtype =  {},
  OPTaddress =  {},
  OPTmonth =  {},
  OPTnote =  {},
  OPTannote =  {}
}

@Article{RPW02,
   Author="Rosenberg, N. A.  and Pritchard, J. K.  and Weber, J. L.  and Cann, H. M.  and Kidd, K. K.  and Zhivotovsky, L. A.  and Feldman, M. W. ",
   Title="{{G}enetic structure of human populations}",
   Journal="Science",
   Year="2002",
   Volume="298",
   Number="5602",
   Pages="2381--2385",
   Month="Dec"
}

@Article{RLR11,
  author =  {Rigaill, G. and Lebarbier, E. and Robin, S.},
  title =  {Exact posterior distributions over the segmentation space and model selection for multiple change-point detection problem},
  journal = {Stat. Comp.},
  year =  {2011},
  volume = {22}, 
  pages = {917--29},
  OPTnote = {DOI: 10.1007/s11222-011-9258-8},
  annote = {type:INV author:Rigaill author:Lebarbier author:Robin},
}

%%%%%%%%%%%%%%%%%%%%%%%%%%%%%%%%%%%%%%%%%%%%%%%%%%%%%%%
% S
@article{SHD20,
  author={S{\o}ltoft-Jensen, A. and Heide-J{\o}rgensen, M. P. and Ditlevsen, S.},
  title={Modelling the sound production of narwhals using a point process framework with memory effects},
  journal={Electronic Journal of Statistics},
  volume={14},
  pages={2037-2052},  
  year={2020}
}

@techreport{StR24,
  title = {Composite likelihood inference for the Poisson log-normal model},
  author = {Stoehr, J. and Robin, S.},
institution =   {arXiv}, 
  number = {2402.14390},
     year = 2024
}

@article{ScS058,
  title={A shrinkage approach to large-scale covariance matrix estimation and implications for functional genomics},
  author={Sch{\"a}fer, J. and Strimmer, K.},
  journal={Statistical applications in genetics and molecular biology},
  volume={4},
  number={1},
  year={2005},
  publisher={De Gruyter}
}

@article{Seo15,
  title={Limit theorems for discrete Hawkes processes},
  author={Seol, Y.},
  journal={Statistics \& Probability Letters},
  volume={99},
  pages={223--229},
  year={2015},
  publisher={Elsevier}
}

@TechReport{SFJ22,
  author = {Swanepoel, C. and Fourment, M. and Ji, X. and Nasif, H. and Suchard, M. A and Matsen IV, F. A and Drummond, A.},
  title = {TreeFlow: probabilistic programming and automatic differentiation for phylogenetics},
  institution = {arXiv}, 
  number = {2211.05220}, 
  year={2022}
}

@article{SPI15,
  title={Cluster-weighted $$ t $$ t-factor analyzers for robust model-based clustering and dimension reduction},
  author={Subedi, S. and Punzo, A. and Ingrassia, S. and McNicholas, P.D},
  journal={Statistical Methods \& Applications},
  volume={24},
  number={4},
  pages={623--649},
  year={2015},
  publisher={Springer}
}

@article{SBB17,
  title={Priorities for big biodiversity data},
  author={Stephenson, P.J. and Brooks, T. and Butchart, S. and Fegraus, E. and Geller, G. and Hoft, R. and Hutton, J. and Kingston, N. and Long, B. and McRae, L.},
  journal={Frontiers in Ecology and the Environment},
  volume={15},
  number={3},
  pages={124--125},
  year={2017},
  publisher={Ecological Society of America}
}

@article{SSC17,
  title={The first coordinated trans-North African mid-winter waterbird census: the contribution of the International Waterbird Census to the conservation of waterbirds and wetlands at a biogeographical level},
  author={Sayoud, MS and Salhi, H and Chalabi, B and Allali, A and Dakki, M and Qninba, A and El Agbani, MA and Azafzaf, H and Feltrup-Azafzaf, C and Dlensi, H and others},
  journal={Biological Conservation},
  volume={206},
  pages={11--20},
  year={2017},
  publisher={Elsevier}
}

@Article{SFM16,
  title = {{mclust} 5: clustering, classification and density estimation using {G}aussian finite mixture models},
  author = {Scrucca, L. and Fop, M. and Murphy, B.T. and Raftery, A.E},
  journal = {The {R} Journal},
  year = {2016},
  volume = {8},
  number = {1},
  pages = {289--317},
  url = {https://doi.org/10.32614/RJ-2016-021},
}

@article{SHJ17,
  title={Imputation approaches for animal movement modeling},
  author={Scharf, H. and Hooten, M. B and Johnson, D. S},
  journal={Journal of Agricultural, Biological and Environmental Statistics},
  volume={22},
  number={3},
  pages={335--352},
  year={2017},
  publisher={Springer}
}

@article{SqG11,
  title={Analytical maximum-likelihood method to detect patterns in real networks},
  author={Squartini, T. and Garlaschelli, D.},
  journal={New Journal of Physics},
  volume={13},
  number={8},
  pages={083001},
  year={2011},
  publisher={IOP Publishing}
}

@TechReport{SmW19,
   author = {Smith, Carl and Warren, Mark},
    title = "{GLM}s in {R} for ecology",
  institution = {Nottingham Trent University}, 
  year = 2019
}

@book{Ser01,
  title={Les matrices: th{\'e}orie et pratique},
  author={Serre, Denis},
  year={2001},
  publisher={Dunod}
}

@article{STD04,
  title={Strong control, conservative point estimation and simultaneous conservative consistency of false discovery rates: a unified approach},
  author={Storey, J. D and Taylor, J. E and Siegmund, D.},
  journal={Journal of the Royal Statistical Society: Series B (Statistical Methodology)},
  volume={66},
  number={1},
  pages={187--205},
  year={2004},
  publisher={Wiley Online Library}
}

@InBook{ScR09,
  author = 	 {S. Schbath and S. Robin},
  title = 	 {Scan Statistics - Methods and Applications, A Volume in honor of {J}oe {N}aus},
  chapter = 	 {How pattern statistics can be useful for {DNA} motif 
                 discovery?},
  publisher = 	 {Springer},
  year = 	 {2009},
  annote =      {type:CHoS author:Robin}
}

@book{SeS03,
  title={Phylogenetics},
  author={Semple, C. and Steel, M.},
  volume={24},
  year={2003},
  publisher={Oxford University Press on Demand}
}

@article{Scr19,
  title={A transformation-based approach to Gaussian mixture density estimation for bounded data},
  author={Scrucca, L.},
  journal={Biometrical Journal},
  volume={61},
  number={4},
  pages={873--888},
  year={2019},
  publisher={Wiley Online Library}
}

@article{Str08,
  title={fdrtool: a versatile R package for estimating local and tail area-based false discovery rates},
  author={Strimmer, K.},
  journal={Bioinformatics},
  volume={24},
  number={12},
  pages={1461--1462},
  year={2008},
  publisher={Oxford University Press}
}

@article{Sto02,
  title={A direct approach to false discovery rates},
  author={Storey, J. D},
  journal={Journal of the Royal Statistical Society: Series B (Statistical Methodology)},
  volume={64},
  number={3},
  pages={479--498},
  year={2002},
  publisher={Wiley Online Library}
}

@article{Sta01,
  title={Compound {P}oisson approximations of subgraph counts in random graphs},
  author={Stark, D.},
  journal={Random Structures \& Algorithms},
  volume={18},
  number={1},
  pages={39--60},
  year={2001},
  publisher={Wiley Online Library}
}

@article{SSS19,
  title={bmotif: A package for motif analyses of bipartite networks},
  author={Simmons, B. I and Sweering, M. JM and Schillinger, M. and Dicks, L. V and Sutherland, W. J and Di Clemente, R.},
  journal={Methods in Ecology and Evolution},
  volume={10},
  number={5},
  pages={695--701},
  year={2019},
  publisher={Wiley Online Library}
}


@article{SRO16,
  title={Nested species interactions promote feasibility over stability during the assembly of a pollinator community},
  author={Saavedra, S. and Rohr, R. P and Olesen, J. M and Bascompte, J.},
  journal={Ecology and evolution},
  volume={6},
  number={4},
  pages={997--1007},
  year={2016},
  publisher={Wiley Online Library}
}

@article{Skl59,
  title={Fonctions de repartition an dimensions et leurs marges},
  author={Sklar, M},
  journal={Publ. inst. statist. univ. Paris},
  volume={8},
  pages={229--231},
  year={1959}
}

@article{SPP06,
  title={Causal protein-signaling networks derived from multiparameter single-cell data},
  author={Sachs, K. and Perez, O. and Pe'er, D. and Lauffenburger, D. A and Nolan, G. P},
  journal={Science},
  volume={308},
  number={5721},
  pages={523--529},
  year={2005},
  publisher={American Association for the Advancement of Science}
}

@article{SRS19,
   author = {{Schwaller}, L. and {Robin}, S. and {Stumpf}, M.},
    title = "{B}ayesian Inference of Graphical Model Structures Using Trees",
  journal={J. Soc. Franc. Stat.},
  volume={160},
  number={2},
  pages={1--23},
  year={2019},
  publisher={Springer}, 
  url="http://journal-sfds.fr/article/view/732"
}

@article{SLT17,
  title={Predicting the effect of habitat modification on networks of interacting species},
  author={Staniczenko, P. PA and Lewis, O. T and Tylianakis, J. M and Albrecht, M. and Coudrain, V. and Klein, A-M and Reed-Tsochas, F.},
  journal={Nature communications},
  volume={8},
  number={1},
  pages={792},
  year={2017},
  publisher={Nature Publishing Group}
}

@article{SCB19,
  title={Motifs in bipartite ecological networks: uncovering indirect interactions},
  author={Simmons, B.I. and Cirtwill, A. and Baker, N. and Dicks, L.V. and Stouffer, D.B. and Sutherland, W.J.},
  journal={Oikos},
  volume={128},
  number={2},
  pages={154--170},
  year={2019},
  publisher={Wiley Online Library}
}

@article{SBT13,
  title={Ecological modeling from time-series inference: insight into dynamics and stability of intestinal microbiota},
  author={Stein, R. R and Bucci, V. and Toussaint, N. C and Buffie, C. G and R{\"a}tsch, G. and Pamer, E. G and Sander, C. and Xavier, J. B},
  journal={PLoS computational biology},
  volume={9},
  number={12},
  pages={e1003388},
  year={2013},
  publisher={Public Library of Science}
}

@article{SWA17,
  title={Ecological network inference from long-term presence-absence data},
  author={Sander, E.L and Wootton, J.T. and Allesina, S.},
  journal={Scientific reports},
  volume={7},
  number={1},
  pages={7154},
  year={2017},
  publisher={Nature Publishing Group}
}

@techreport{Sze75,
  title={Regular partitions of graphs},
  author={Szemer{\'e}di, E.},
  year={1975},
  institution={Sanford univ Calif dept of Computer Science}
}

@TechReport{SCB18b,
  title={Uncovering indirect interactions in bipartite ecological networks},
  author={Simmons, B.I. and Cirtwill, A. and Baker, N. and Dicks, L.V. and Stouffer, D.B. and Sutherland, W.J.},
  institution={bioRxiv:315010},
  year={2018},
  publisher={Cold Spring Harbor Laboratory}
}

@article{SBG09,
  title={$\ell_1$-penalization for mixture regression models},
  author={St{\"a}dler, N. and B{\"u}hlmann, P. and van de Geer, S.},
  journal={Test},
  volume={19},
  number={2},
  pages={209--256},
  year={2010},
  publisher={Springer}
}

@techreport{See08,
  title={Expectation propagation for exponential families},
  author={Seeger, Matthias},
  year={2008},
  institution={univ. Berkeley, CA}
}

@InCollection{Sha88,
 author = {Shaban, S. A},
 title = {{P}oisson-lognormal distributions},
 booktitle = {Lognormal distributions: theory and applications},
 pages={195--210},
 publisher = {Marcel Dekker: New York and Basel},
 year = {1988},
 editor = {Crow, E. L and Shimizu, K.},
}

@article{SCJ09,
  title={Model-based clustering of array CGH data},
  author={Shah, S. P and Cheung Jr, K.-J. and Johnson, N. A and Alain, G. and Gascoyne, R. D and Horsman, D. E and Ng, R. T and Murphy, K. P},
  journal={Bioinformatics},
  volume={25},
  number={12},
  pages={i30--i38},
  year={2009},
  publisher={Oxford University Press}
}

@article{SVB13,
  title={High-resolution measurements of face-to-face contact patterns in a primary school},
  author={Stehl{\'e}, J. and Voirin, N. and Barrat, A. and Cattuto, C. and Isella, L. and Pinton, J.-F. and Quaggiotto, M. and Van den Broeck, W. and R{\'e}gis, C. and Lina, B. and Vanhems, P.},
  journal={PloS one},
  volume={6},
  number={8},
  pages={e23176},
  year={2011},
  publisher={Public Library of Science}
}

@article{SCA14,
  title={Across-year social stability shapes network structure in wintering migrant sparrows},
  author={Shizuka, D. and Chaine, A. S and Anderson, J. and Johnson, O. and Laursen, I. M. and Lyon, B. E},
  journal={Ecology letters},
  volume={17},
  number={8},
  pages={998--1007},
  year={2014},
  publisher={Wiley Online Library}
}

@article{ScS06,
  title={A fast and flexible statistical model for large-scale population genotype data: applications to inferring missing genotypes and haplotypic phase},
  author={Scheet, P. and Stephens, M.},
  journal={The American Journal of Human Genetics},
  volume={78},
  number={4},
  pages={629--644},
  year={2006},
  publisher={Elsevier}
}

@article{ShZ12,
  title={Change-point model on nonhomogeneous {P}oisson processes with application in copy number profiling by next-generation {DNA} sequencing},
  author={Shen, J. J. and Zhang, N. R.},
  journal={The Annals of Applied Statistics},
  pages={476--496},
  year={2012},
  publisher={JSTOR}
}

@phdthesis{Sch16,
  TITLE = {{Exact {B}ayesian Inference in Graphical Models : Tree-structured Network Inference and Segmentation}},
  AUTHOR = {Schwaller, L.},
  URL = {https://tel.archives-ouvertes.fr/tel-01401458},
  NUMBER = {2016SACLS210},
  SCHOOL = {{Universit{\'e} Paris-Saclay}},
  YEAR = {2016},
  MONTH = Sep,
  KEYWORDS = {{B}ayesian inference ; Graphical models ; Matrix-Tree theorem ; Network inference ; Segmentation ; Spanning tree ; Arbre couvrant ; Inference bayesienne ; Inference de reseaux ; Mod{\`e}les graphiques ; Theor{\`e}me arbre-Matrice},
  TYPE = {Theses},
  PDF = {https://tel.archives-ouvertes.fr/tel-01401458/file/73152_SCHWALLER_2016_diffusion.pdf},
  HAL_ID = {tel-01401458},
  HAL_VERSION = {v1},
}

@article{SHD14,
  title={{P}oisson noise reduction with non-local {PCA}},
  author={Salmon, J. and Harmany, Z. and Deledalle, C.-A. and Willett, R.},
  journal={Journal of mathematical imaging and vision},
  volume={48},
  number={2},
  pages={279--294},
  year={2014},
  publisher={Springer}
}

@article{SrL10,
  title={A two-parameter generalized {P}oisson model to improve the analysis of RNA-seq data},
  author={Srivastava, S. and Chen, L.},
  journal={Nucleic acids research},
  volume={38},
  number={17},
  pages={e170--e170},
  year={2010},
  publisher={Oxford Univ Press}
}

@BOOK{SoS63,
         AUTHOR = "Sokal, R.R. and Sneath, P.H.A.",
         TITLE = "Principles of numerical taxonomy",
         PUBLISHER = Freeman,
         YEAR = 1963}

@ARTICLE{Son14,
title = {{compcodeR - an R package for benchmarking differential expression methods for RNA-seq data}},
author = {Soneson, C.},
year = {2014},
journal = {Bioinformatics},
volume = {30},
number ={17},
pages = {2517-2518}
}

@ARTICLE{Son13,
title = {A comparison of methods for differential expression analysis of {RNA}-seq data},
author = {Soneson, C. and Delorenzi, M.},
year = {2013},
journal = {{BMC} Bioinformatics},
volume = {14},
pages = {91}
}

@Article{GiN02,
  author =  {Girvan, M. and Newman, M. E. J.},
  title =  {Community strucutre in social and biological networks},
  journal =  PNAS,
  year =  {2002},
  volume =  {99},
  number =  {12},
  pages =  {7821--6},
  OPTmonth =  {},
  OPTnote =  {},
  OPTannote =  {}
}

@article{Sch78,
  title={Estimating the dimension of a model},
  author={Schwarz, G},
  journal={The annals of statistics},
  volume={6},
  number={2},
  pages={461--464},
  year={1978},
  publisher={Institute of Mathematical Statistics}
}

@article{SPP05,
author = {Sachs, K. and Perez, O. and Pe'er, D. and Lauffenburger, D. A. and N., G. P.},
doi = {10.1126/science.1105809},
journal = {Science},
pages = {523--529},
pmid = {15845847},
title = {Causal protein-signaling networks derived from multiparameter single-cell data.},
volume = {308},
year = {2005}
}

@techreport{SRS15,
   author = {{Schwaller}, L. and {Robin}, S. and {Stumpf}, M.},
    title = "{B}ayesian Inference of Graphical Model Structures Using Trees",
  institution = {arXiv}, 
  number = {1504.02723},
     year = 2015,
    month = apr,
    note = {{\it to appear in J. Soc. Fr. Statis.}}
}

@techreport{ScR16b,
   author = {{Schwaller}, L. and {Robin}, S.},
    title = "Exact {B}ayesian inference for off-line change-point detection in tree-structured graphical models",
  institution = {arXiv}, 
  number = {1603.07871},
     year = 2016,
    month = mar,
  note = {{\sl to appear in Stat. \& Comp.}}
}

@article{ScR17,
  title={Exact {B}ayesian inference for off-line change-point detection in tree-structured graphical models},
  author={Schwaller, L. and Robin, S.},
  journal={Statistics and Computing},
  volume={27},
  number={5},
  pages={1331--1345},
  year={2017},
  publisher={Springer}, 
  url="http://dx.doi.org/10.1007/s11222-016-9689-3"
}

%%%%%%%%%%%%%%%%%%%%%%%%%%%%%%%%%%%%%%%%%%%%%%%%%%%%%%%
% T
@techreport{ToC25,
   author = {Tous, J. and Chiquet, J.},
    title = {An integrated method for clustering and association network inference},
institution =   {arXiv}, 
  number = {2503.22467},
     year = 2025,
    month = sep,
}


@article{TOA20,
  title={Joint species distribution modelling with the R-package Hmsc},
  author={Tikhonov, G. and Opedal, {\O}. H and Abrego, N. and Lehikoinen, A. and de Jonge, M. MJ and Oksanen, J. and Ovaskainen, O.},
  journal={Methods in ecology and evolution},
  volume={11},
  number={3},
  pages={442--447},
  year={2020},
  publisher={Wiley Online Library}
}

@article{Tei61,
  title={Identifiability of mixtures},
  author={Teicher, H},
  journal={The Annals of Mathematical Statistics},
  volume={32},
  number={1},
  pages={244--248},
  year={1961},
  publisher={Institute of Mathematical Statistics}
}

@article{Tei63,
  title={Identifiability of finite mixtures},
  author={Teicher, H},
  journal={The Annals of Mathematical Statistics},
  pages={1265--1269},
  year={1963},
  publisher={JSTOR}
}

@inproceedings{TaT21,
  title={On empirical bayes variational autoencoder: An excess risk bound},
  author={Tang, R. and Yang, Y.},
  booktitle={Conference on Learning Theory},
  pages={4068--4125},
  year={2021},
  organization={Proc. Machine Learning Res.}
}

@article{TPW05,
  title={Estimation of individual admixture: analytical and study design considerations},
  author={Tang, H. and Peng, J. and Wang, P. and Risch, N.J},
  journal={Genetic Epidemiology: The Official Publication of the International Genetic Epidemiology Society},
  volume={28},
  number={4},
  pages={289--301},
  year={2005},
  publisher={Wiley Online Library}
}

@book{TDD18,
  title={Multivariate analysis of ecological data with ade4},
  author={Thioulouse, J. and Dray, S. and Dufour, A-B and Siberchicot, A. and Jombart, T. and Pavoine, S.},
  year={2018},
  publisher={Springer}
}

@Manual{Tak14,
 title = {Analyse Numérique},
 author = {Takahashi, T.},
 organization = {\'Ecole des Mines de Nancy},
 note = {Lecture notes}, 
 year = {2014}
}

@phdthesis{Til09,
  title={Learning Directed Graphical Models from Nonlinear and Non-Gaussian Data},
  author={Tillman, R. E},
  year={2009},
  school={Master thesis}
}

@article{TJC15,
  title={Geographical variation in mutualistic networks: similarity, turnover and partner fidelity},
  author={Tr{\o}jelsgaard, K. and Jordano, P. and Carstensen, D. W and Olesen, J. M},
  journal={Proceedings of the Royal Society B: Biological Sciences},
  volume={282},
  number={1802},
  pages={20142925},
  year={2015},
  publisher={The Royal Society}
}

@incollection{TVB15,
  title={A network-based method to detect patterns of local crop biodiversity: validation at the species and infra-species levels},
  author={Thomas, M. and Verzelen, N. and Barbillon, P. and Coomes, O. and Caillon, S. and McKey, D. and Elias, M. and Garine, E. and Raimond, C. and Dounias, E. and others},
  booktitle={Advances in Ecological Research},
  volume={53},
  pages={259--320},
  year={2015},
  publisher={Elsevier}
}

@article{ThF10,
  title={Stability of ecological communities and the architecture of mutualistic and trophic networks},
  author={Th{\'e}bault, E. and Fontaine, C.},
  journal={Science},
  volume={329},
  number={5993},
  pages={853--856},
  year={2010},
  publisher={American Association for the Advancement of Science}
}

@inproceedings{TRB17,
  title={Hierarchical implicit models and likelihood-free variational inference},
  author={Tran, D. and Ranganath, R. and Blei, D.},
  booktitle={Advances in Neural Information Processing Systems},
  pages={5523--5533},
  year={2017}
}

@TechReport{TBC17,
   author = {{Tabouy}, T. and {Barbillon}, P. and {Chiquet}, J.},
    title = "{Variational Inference for Stochastic Block Models from Sampled Data}",
  institution = {arXiv:1707.04141},
     year = 2017,
}

@article{TiB99,
  title={Probabilistic principal component analysis},
  author={Tipping, M. E and Bishop, C. M},
  journal={Journal of the Royal Statistical Society: Series B},
  volume={61},
  number={3},
  pages={611--622},
  year={1999},
  publisher={Wiley Online Library}
}

@article{Tib96,
  title={Regression shrinkage and selection via the lasso},
  author={Tibshirani, R.},
  journal={Journal of the Royal Statistical Society. Series B},
  pages={267--288},
  year={1996},
  publisher={JSTOR}
}

@inproceedings{TeL14,
  title={Local ordinal embedding},
  author={Terada, Y. and von Luxburg, U.V.},
  booktitle={Proceedings of the 31st International Conference on Machine Learning (ICML-14)},
  pages={847--855},
  year={2014}
}

@article{TGD11,
  title={Differential expression in {RNA-seq}: a matter of depth},
  author={Tarazona, S. and Garc{\'\i}a-Alcalde, F. and Dopazo, J. and Ferrer, A. and Conesa, A.},
  journal={Genome research},
  volume={21},
  number={12},
  pages={2213--2223},
  year={2011},
  publisher={Cold Spring Harbor Lab}
}


%%%%%%%%%%%%%%%%%%%%%%%%%%%%%%%%%%%%%%%%%%%%%%%%%%%%%%%
% U
@article{UlG10,
  title={Null model analysis of species associations using abundance data},
  author={Ulrich, W. and Gotelli, N. J.},
  journal={Ecology},
  volume={91},
  number={11},
  pages={3384--3397},
  year={2010},
  publisher={Wiley Online Library}
}

%%%%%%%%%%%%%%%%%%%%%%%%%%%%%%%%%%%%%%%%%%%%%%%%%%%%%%%
% V
@article{VHS05,
  title={Pairwise likelihood inference in spatial generalized linear mixed models},
  author={Varin, Cristiano and H{\o}st, Gudmund and Skare, {\O}ivind},
  journal={Computational statistics \& data analysis},
  volume={49},
  number={4},
  pages={1173--1191},
  year={2005},
  publisher={Elsevier}
}

@article{VaV05,
  title={A note on composite likelihood inference and model selection},
  author={Varin, C. and Vidoni, P.},
  journal={Biometrika},
  volume={92},
  number={3},
  pages={519--528},
  year={2005},
  publisher={Oxford University Press}
}

@article{VMH12,
  title={Low functional $\beta$-diversity despite high taxonomic $\beta$-diversity among tropical estuarine fish communities},
  author={Vill{\'e}ger, S. and Miranda, J. R. and Hernandez, D. F. and Mouillot, D.},
  journal={PloS one},
  volume={7},
  number={7},
  pages={e40679},
  year={2012},
  publisher={Public Library of Science San Francisco, USA}
}

@article{VaR08,
  title={Simple and globally convergent methods for accelerating the convergence of any EM algorithm},
  author={Varadhan, R. and Roland, C.},
  journal={Scandinavian Journal of Statistics},
  volume={35},
  number={2},
  pages={335--353},
  year={2008},
  publisher={Wiley Online Library}
}

@article{VMH12,
  title={Low functional $\beta$-diversity despite high taxonomic $\beta$-diversity among tropical estuarine fish communities},
  author={Vill{\'e}ger, S. and Miranda, J. R. and Hernandez, D. F. and Mouillot, D.},
  journal={PloS one},
  volume={7},
  number={7},
  pages={e40679},
  year={2012},
  publisher={Public Library of Science San Francisco, USA}
}

@article{VaA04,
  title={Asymmetric specialization: a pervasive feature of plant-pollinator interactions},
  author={V\'azquez, D.P and Aizen, M.A},
  journal={Ecology},
  volume={85},
  number={5},
  pages={1251--1257},
  year={2004},
  publisher={Wiley Online Library}
}

@Article{VBM13,
year={2013},
issn={0960-3174},
journal=SC,
doi={10.1007/s11222-013-9383-7},
title={Hidden {M}arkov Models with mixtures as emission distributions},
url={http://dx.doi.org/10.1007/s11222-013-9383-7},
publisher={Springer US},
keywords={Hidden {M}arkov models; Model-based clustering; Mixture model; Hierarchical algorithm},
author={Volant, S. and B\'erard, C. and Martin-Magniette, M.-L. and Robin, S.},
pages={1-12},
language={English}
}

@Manual{ViS08,
  title = {poilog: {P}oisson lognormal and bivariate {P}oisson lognormal distribution},
  author = {Vidar, G. and Steinar, E.},
  year = {2008},
  note = {R package version 0.4},
  }

@article{vGB09,
  title={On the conditions used to prove oracle results for the Lasso},
  author={Van De Geer, S. A and B{\"u}hlmann, P.},
  journal={Electronic Journal of Statistics},
  volume={3},
  pages={1360--1392},
  year={2009},
  publisher={The Institute of Mathematical Statistics and the Bernoulli Society}
}

@article{VeV09,
  author =  {Verzelen, N. and Villers, F.},
title = "Tests for Gaussian graphical models ",
journal = "Computational Statistics \& Data Analysis ",
volume = "53",
number = "5",
pages = "1894 - 1905",
year = "2009",
issn = "0167-9473",
doi = "10.1016/j.csda.2008.09.022",
url = "http://www.sciencedirect.com/science/article/pii/S0167947308004507",
}

@article{VeA15,
  title={Community detection in sparse random networks},
  author={Verzelen, N. and Arias-Castro, E.},
  journal={The Annals of Applied Probability},
  volume={25},
  number={6},
  pages={3465--3510},
  year={2015},
  publisher={Institute of Mathematical Statistics}
}

@article{VaV05,
  title={A note on composite likelihood inference and model selection},
  author={Varin, C. and Vidoni, P.},
  journal={Biometrika},
  volume={92},
  number={3},
  pages={519--528},
  year={2005},
  publisher={Oxford University Press}
}

@Article{Ver12,
author = {Verzelen, N.},
title = {Minimax risks for sparse regressions: Ultra-high-dimensional phenomenons},
year = {2012},
journal =  {Electron. J. Stat.},
volume =  {6},
OPTnumber =  {},
pages =  {38--90},
}

@inproceedings{VeB10,
  title={Fast detection of multiple change-points shared by many signals using group {LARS}},
  author={Vert, J.-Ph. and Bleakley, K.},
  booktitle={Advances in Neural Information Processing Systems},
  pages={2343--2351},
  year={2010}
}

@article{VTK16,
  title={Chapter One - {L}earning Ecological Networks from Next-Generation Sequencing Data},
  author={Vacher, C. and Tamaddoni-Nezhad, A. and Kamenova, S. and Peyrard, N. and Moalic, Y. and Sabbadin, R. and Schwaller, L. and Chiquet, J. and Smith, M.A. and Vallance, J. and Fievet, V. and Jakuschkin, B. and Bohan, D. A.},
  journal={Advances in Ecological Research},
  volume={54},
  pages={1--39},
  year={2016},
  publisher={Elsevier}
}

@Book{vdV98,
 title = {Asymptotic statistics},
 publisher = {Cambridge Univ. Press, New York},
 year = {1998},
 author = {van der Vaart, A.},
 volume = {27},
 series = {Cambridge Series in Statistical and Probabilistic Mathematics}
}

@Article{VPD08,
  author =  {Vacher, C. and Piou, D. and Desprez-Loustau, M.-L.},
  title =  {Architecture of an Antagonistic Tree/Fungus Network: 
The Asymmetric Influence of Past Evolutionary History.},
  journal =  {PLoS ONE},
  year =  {2008},
  volume =  {3},
  number =  {3},
  pages =  {1740},
  doi = {doi:10.1371/journal.pone.0001740}
}

@article{VRF11,
  added-at = {2011-08-07T18:55:55.000+0200},
  author = {Varin, C. and Reid, N. and Firth, D.},
  institution = {Ca' Foscari University of Venice, University of Toronto and University of Warwick},
  journal = {Statistica Sinica},
  keywords = {Likelihood:composite Likelihood},
  pages = {5--42},
  title = {An Overview of Composite Likelihood Methods},
  volume = 21,
  year = 2011
}

@article{VMR12,
title = {Variational {B}ayes approach for model aggregation in unsupervised classification with {M}arkovian dependency},
author = {Volant, S. and Martin Magniette, M.-L. and Robin, S.},
journal = {Comput. Statis. \& Data Analysis},
volume = {56},
number = {8},
pages = {2375--2387},
year = {2012},
issn = {0167-9473},
doi = {10.1016/j.csda.2012.01.027},
}

%%%%%%%%%%%%%%%%%%%%%%%%%%%%%%%%%%%%%%%%%%%%%%%%%%%%%%%
% W
@article{WuZ15,
  title={Fast maximum likelihood estimation of mutation rates using a birth--death process},
  author={Wu, X. and Zhu, H.},
  journal={Journal of Theoretical Biology},
  volume={366},
  pages={1--7},
  year={2015},
  publisher={Elsevier}
}

@article{Wu83,
  title={On the convergence properties of the EM algorithm},
  author={Wu, CF J.},
  journal={The Annals of Statistics},
  pages={95--103},
  year={1983},
  publisher={JSTOR}
}

@article{WaL15,
  title={Robust model-based clustering via mixtures of skew-t distributions with missing information},
  author={Wang, W-Land Lin, T-I},
  journal={Advances in Data Analysis and Classification},
  volume={9},
  number={4},
  pages={423--445},
  year={2015},
  publisher={Springer}
}

@article{WeM19,
  title={Beyond prediction: A framework for inference with variational approximations in mixture models},
  author={Westling, T. and McCormick, T. H},
  journal={Journal of Computational and Graphical Statistics},
  volume={28},
  number={4},
  pages={778--789},
  year={2019}
}

@TechReport{WeM15,
   author = {Westling, T. and McCormick, T. H},
    title = {Beyond prediction: A framework for inference with variational approximations in mixture models},
  institution = {arXiv}, 
  number = {1510.08151},
  year = 2015
}

@article{WLA19,
  title={Variational inference for coupled Hidden {M}arkov Models applied to the joint detection of copy number variations},
  author={Wang, X. and Lebarbier, E. and Aubert, J. and Robin, S.},
  journal={The International Journal of Biostatistics},
  year={2019},
  pages={1--15}, 
  publisher={De Gruyter}
}

@article{WBO15,
  title={So many variables: joint modeling in community ecology},
  author={Warton, D. I. and Blanchet, F. G. and O'Hara, R. B. and Ovaskainen, O. and Taskinen, S. and Walker, S. C and Hui, F. KC.},
  journal={Trends in Ecology \& Evolution},
  volume={30},
  number={12},
  pages={766--779},
  year={2015},
  publisher={Elsevier}
}

@TechReport{WaB17,
  author = {{Wang}, Y. and {Blei}, D.M.},
  title = "Frequentist Consistency of Variational {B}ayes",
  institution = {arXiv}, 
  number = {1705.03439},
  year = 2018
}

@TechReport{WLA18,
   author = {{Wang}, X. and {Lebarbier}, E. and {Aubert}, J. and {Robin}, S.},
    title = "{Variational inference for coupled Hidden {M}arkov Models applied to the joint detection of copy number variations}",
  institution = {arXiv},
  note = {{\sl to appear in Internat. J. Biostatistics}},
  number = {1706.06742},
     year = 2018
}

@inproceedings{WaT04,
  title={Convergence and asymptotic normality of variational {B}ayesian approximations for exponential family models with missing values},
  author={Wang, B. and Titterington, D. M},
  booktitle={Proceedings of the 20th conference on Uncertainty in Artificial Intelligence},
  pages={577--584},
  year={2004},
  organization={AUAI Press}
}

@inproceedings{WaT05,
  title={Inadequacy of interval estimates corresponding to variational {B}ayesian approximations.},
  author={Wang, B. and Titterington, D. M},
  booktitle={AISTATS},
  year={2005}
}

@article{WTT09,
  title={A penalized matrix decomposition, with applications to sparse principal components and canonical correlation analysis},
  author={Witten, D. M and Tibshirani, R. and Hastie, T.},
  journal={Biostatistics},
  pages={kxp008},
  year={2009},
  publisher={Biometrika Trust}
}

@article{WWW13,
  title={A new shrinkage estimator for dispersion improves differential expression detection in {RNA-seq} data},
  author={Wu, H. and Wang, C. and Wu, Z.},
  journal={Biostatistics},
  volume={14},
  number={2},
  pages={232--243},
  year={2013},
  publisher={Biometrika Trust}
}

@BOOK {Wat95,
         AUTHOR = "Waterman, M. S.",
         TITLE = "Introduction to Computational Biology",
         PUBLISHER = {Chapman \& Hall} ,
         YEAR = 1995}
         
@Article{WaJ08,
  author =  {Wainwright, M. J. and Jordan, M. I.},
  title =  {Graphical Models, Exponential Families, and Variational Inference},
  journal =  {Found. Trends Mach. Learn.},
  year =  {2008},
  volume =  {1},
  number =  {1--2},
  pages =  {1--305},
  OPTurl =  {http:/dx.doi.org/10.1561/2200000001},
}

%%%%%%%%%%%%%%%%%%%%%%%%%%%%%%%%%%%%%%%%%%%%%%%%%%%%%%%
% X
@TechReport{XRX16,
  author={Xu, X. and Reid, N. and Xu, L.},
  title={Note on information bias and efficiency of composite likelihood},
  institution = {arXiv}, 
  number = {1612.06967},
  year = 2016
}

@article{XAF17,
  title={Mapping the ecological networks of microbial communities},
  author={Xiao, Y. and Angulo, M. T. and Friedman, J. and Waldor, M. K and Weiss, S. T and Liu, Y-Y},
  journal={Nature communications},
  volume={8},
  number={1},
  pages={2042},
  year={2017},
  publisher={Nature Publishing Group}
}

@inproceedings{Xu15,
  title={Stochastic block transition models for dynamic networks},
  author={Xu, K.},
  booktitle={Artificial Intelligence and Statistics},
  pages={1079--1087},
  year={2015}
}


@article{XuH14,
  title={Dynamic stochastic blockmodels for time-evolving social networks},
  author={Xu, K. S and Hero, A. O},
  journal={IEEE Journal of Selected Topics in Signal Processing},
  volume={8},
  number={4},
  pages={552--562},
  year={2014},
  publisher={IEEE}
}

@article{XFS10,
  title={A state-space mixed membership blockmodel for dynamic network tomography},
  author={Xing, E. P and Fu, W. and Song, L.},
  journal={The Annals of Applied Statistics},
  volume={4},
  number={2},
  pages={535--566},
  year={2010},
}

%%%%%%%%%%%%%%%%%%%%%%%%%%%%%%%%%%%%%%%%%%%%%%%%%%%%%%%
% Y
@article{YaS68,
  title={On the identifiability of finite mixtures},
  author={Yakowitz, S. J and Spragins, J. D},
  journal={The Annals of Mathematical Statistics},
  pages={209--214},
  year={1968},
  publisher={JSTOR}
}

@article{YFW01b,
  title={Bethe free energy, Kikuchi approximations, and belief propagation algorithms},
  author={Yedidia, J. S and Freeman, W. T and Weiss, Y.},
  journal={Advances in neural information processing systems},
  volume={13},
  year={2001}
}

@article{YYR19,
  title={Identifying dynamical time series model parameters from equilibrium samples, with application to gene regulatory networks},
  author={Young, W.C. and Yeung, K.Y. and Raftery, A.E.},
  journal={Statistical Modelling},
  volume={19},
  number={4},
  pages={444--465},
  year={2019},
  publisher={SAGE Publications Sage India: New Delhi, India}
}
 
@article{YRA15,
  title={Graphical models via univariate exponential family distributions},
  author={Yang, E. and Ravikumar, P. and Allen, G. I and Liu, Z.},
  journal={The Journal of Machine Learning Research},
  volume={16},
  number={1},
  pages={3813--3847},
  year={2015},
  publisher={JMLR. org}
}

@inproceedings{YFW01,
  title={Generalized belief propagation},
  author={Yedidia, J. S and Freeman, W. T and Weiss, Y.},
  booktitle={Advances in neural information processing systems},
  pages={689--695},
  year={2001}
}

@inproceedings{YHA14,
  title={Nonparametric estimation and testing of exchangeable graph models.},
  author={Yang, J. and Han, C. and Airoldi, E.},
  booktitle={AISTATS},
  pages={1060--1067},
  year={2014}
}

@inproceedings{YoS07,
title={Random dot product graph models for social networks},
author={Young, Stephen J and Scheinerman, Edward R},
booktitle={International Workshop on Algorithms and Models for the Web-Graph},
pages={138--149},
year={2007},
organization={Springer}
}

%%%%%%%%%%%%%%%%%%%%%%%%%%%%%%%%%%%%%%%%%%%%%%%%%%%%%%%
% Z
@article{Zhe99,
  title={Progress of a half century in the study of the {L}uria--{D}elbr{\"u}ck distribution},
  author={Zheng, Q.},
  journal={Mathematical Biosciences},
  volume={162},
  number={1-2},
  pages={1--32},
  year={1999},
  publisher={Elsevier}
}

@article{ZaS06,
  title={Multivariate regression analysis of distance matrices for testing associations between gene expression patterns and related variables},
  author={Zapala, M. A and Schork, N. J},
  journal={Proceedings of the national academy of sciences},
  volume={103},
  number={51},
  pages={19430--19435},
  year={2006},
  publisher={National Academy of Sciences}
}

@book{ZIW09,
  title={Mixed effects models and extensions in ecology with R},
  author={Zuur, A. F and Ieno, E. N and Walker, N. J and Saveliev, A. A and Smith, G .M},
  volume={574},
  year={2009},
  publisher={Springer}
}

@article{ZhJ05,
  title={Composite likelihood estimation in multivariate data analysis},
  author={Zhao, Y. and Joe, H.},
  journal={Canadian Journal of Statistics},
  volume={33},
  number={3},
  pages={335--356},
  year={2005},
  publisher={Wiley Online Library}
}

@article{ZhZ20,
  title={Theoretical and computational guarantees of mean field variational inference for community detection},
  author={Zhang, A. Y and Zhou, H. H},
  journal={Annals of Statistics},
  volume={48},
  number={5},
  pages={2575--2598},
  year={2020},
  publisher={Institute of Mathematical Statistics}
}

@article{ZhB06,
  title={On model selection consistency of Lasso},
  author={Zhao, P. and Yu, B.},
  journal={Journal of Machine learning research},
  volume={7},
  number={Nov},
  pages={2541--2563},
  year={2006}
}

@article{ZLB17,
  title={The dynamic random subgraph model for the clustering of evolving networks},
  author={Zreik, R. and Latouche, P. and Bouveyron, C.},
  journal={Computational Statistics},
  volume={32},
  number={2},
  pages={501--533},
  year={2017},
  publisher={Springer}
}

@article{ZCZ17,
  title={State space modeling of autocorrelated multivariate {P}oisson counts},
  author={Zhang, C. and Chen, N. and Li, Z.},
  journal={IISE Transactions},
  volume={49},
  number={5},
  pages={518--531},
  year={2017},
  publisher={Taylor \& Francis}
}

@inproceedings{ZLD12,
  title={Lognormal and gamma mixed negative binomial regression},
  author={Zhou, M. and Li, L. and Dunson, D. and Carin, L.},
  booktitle={Proceedings of the International Conference on Machine Learning. International Conference on Machine Learning},
  volume={2012},
  pages={1343},
  year={2012},
  organization={NIH Public Access}
}

@Article{ZhS07,
  author =  {Zhang, N. R. and Siegmund, D. O.},
  title =  {A Modified {B}ayes Information Criterion with Applications to the Analysis of Comparative Genomic Hybridization Data},
  journal =  {Biometrics},
  year =  {2007},
  volume =  {63},
  number =  {1},
  pages =  {22--32},
}

@Article{Zac77,
  author =  {Zachary, W. W.},
  title =  {An information flow model for conflict and fission in small groups},
  journal =  {J. Anthrop. Res.},
  year =  {1977},
  volume =  {33},
  pages =  {452--73},
}

@inproceedings{ZHD12,
  title={Beta-Negative Binomial Process and {P}oisson Factor Analysis.},
  author={Zhou, M. and Hannah, L. and Dunson, D. B and Carin, L.},
  booktitle={AISTATS},
  volume={22},
  pages={1462--1471},
  year={2012}
}

@TechReport{Zho16,
  title={Nonparametric {B}ayesian negative binomial factor analysis},
  author={Zhou, M.},
  institution={arXiv}, 
  number = {1604.07464},
  year={2016}
}



