@string{AAP="Ann. Appl. Prob."}
@string{AIHP="Ann. Inst. Henri Poincaré"}
@string{AISM="Ann. Inst. Statist. Math."}
@string{AP="Ann. Prob."}
@string{AS="Ann. Statist."}
@string{AdAP="Adv. Appl. Prob."}
@string{ApS="Appl. Statist."}
@string{AnAP="Ann. Appl. Prob."}
@string{BMB="Bull. Math. Biol"}
@string{CABIOS="Comp. Applic. Biosci."}
@string{CC="Computer Chem."}
@string{CS="Crop Science"}
@string{ESAIM="ESAIM: Probability and Statistics"}
@string{JAM="J. Analyse Math."}
@string{JAP="J. Appl. Prob."}
@string{JAS="J. Appl. Statist."}
@string{JASA="J. Amer. Statist. Assoc."}
@string{JBSD="J. Biomol. Struct. Dynamics"}
@string{JCB="J. Comp. Biol."}
@string{JCTA="J. Combinatorial Theory A"}
@string{JMB="J. Mol. Biol."}
@string{JME="J. Mol. Evol"}
@string{JTB="J. Theor. Biol."}
@string{JRSSB="J. R. Statist. Soc. B"}
@string{JRSSC="J. R. Statist. Soc. C"}
@string{MBE="Mol. Biol. Evol."}
@string{MPCPS="Math. Proc. Camb. Phil. Soc."}
@string{NAR="Nucl. Acids Res."}
@string{PNAS="Proc. Natl. Acad. Sci. USA"}
@string{PNISI="Proc. Natl. Inst. Sci. India"}
@string{PTRF"Prob. Theory Rel. Fields"}
@string{P="Preprint"}
@string{PSI="Prob. Statist. Inference"}
@string{RTB="INRA,  Biom\'etrie"}
@string{SPA="Stoch. Proc. Appl."}
@string{SS="Statistical Science"}
@string{SSI="Statistica Sinica"}
@string{TPA="Theory Prob. Appl."}
@string{ZW="Z. Wahrscheinlichkeitsth"}

@BOOK (And73,
         AUTHOR = "Anderberg, H. H.",
         TITLE = "Cluster Analysis for Applications",
         PUBLISHER = {Academic Press} ,
         YEAR = 1973)

@BOOK (Arn81,
         AUTHOR = "Arnold, S. F.",
         TITLE = "The Theory of Linear Models and Multivariate Analysis",
         PUBLISHER = {Wiley},
         YEAR = 1981)

@InProceedings{BaC95,
  author = {Bar-Hen, A. and Charcosset, A.},
  title = {Relationship between molecular and morphological distances
in a maize inbred lines collection},
  booktitle = {Biometrics in Plant Breedings: Application of Molecular
Markers},
  pages = {57--66},
  year = {1995},
  editor = {Van Ooijen, J.W. and Jansen, J.},
  OPTvolume =    {},
  OPTnumber =    {},
  series = {Proc. of the 9th Meet. Eucarpia, Sect. Biometrics Plant Breed.},
  OPTaddress =   {},
  OPTmonth =     {},
  OPTorganization = {},
  OPTpublisher = {CPRO-DLO, Wageningen},
  OPTnote =      {},
  OPTannote =    {}
}

@ARTICLE (BCB95,
         AUTHOR = "Bar-Hen, A. and Charcosset, A. and Bourgoin, M. and
         Guiard, J.",
         TITLE = "Relationship between genetic markers and
morphological traits in a maize lines collection",
         JOURNAL = "Euphytica",
         VOLUME = 84,
         PAGES = "145--154",
         YEAR = 1995)

@ARTICLE (BuC97,
         AUTHOR = "Burstin, J. and Charcosset A.",
         TITLE = "Relationship phenotypic and markers distances:
         theoretical and experimental investigations",
         JOURNAL = "Heredity",
         VOLUME = 79,
         NUMBER = 5,
         PAGES = "477--483",
         YEAR = 1997)

@ARTICLE (DBG97,
         AUTHOR = "Dillmann, C. and Bar-Hen, A. and Guerin, D. and
         Charcosset, A. and Murigneux, A.",
         TITLE = "Comparison of RFLP and morhological distances
         between maize {\it Zea Mays L.} inbred lines. Consequences
         for germplasm protection purposes",
         JOURNAL = "Theoretical and Applied Genetics",
         VOLUME = 96,
         NUMBER = 5,
         PAGES = "92--102",
         YEAR = 1997)

@Book{Cre93,
  author = 	 {Cressie, N.},
  title = 	 {Statistics for Spatial Data},
  publisher = 	 {Wiley, NY},
  year = 	 {1993},
}

@Book{DLZ02,
  author = 	 {Diggle, P.J. and Liang, K.L. and Zeger, S.L.},
  title = 	 {Analysis of Longitudinal Data},
  publisher = 	 {London: Oxford Science},
  year = 	 {2002},
  edition = 	 {2nd},
}

@ARTICLE (DeK97,
         AUTHOR = "Dufernez, M. and Kemsley, E. K.",
         TITLE = "The use and misuse of chemometrics for treating
         classification problems",
         JOURNAL = "Trends Anal. Chemist.",
         VOLUME = 16,
         PAGES = "216--221",
         YEAR = 1997)

@ARTICLE (FrF93,
         AUTHOR = "Frank, I. E. and Friedman, J. H.",
         TITLE = "A statistical view of some chemometrics regression tools",
         JOURNAL = "Technometrics",
         VOLUME = 35,
         NUMBER = 2,
         PAGES = "109--135",
         YEAR = 1993)

@InBook{Gow85,
  author =    "Gower, J.C.",
  editor =    "Kotz, S. and Johnson, N.L.",
  title =        "Encyclopedia of statistical sciences",
  chapter =      "Measures of similarity and distance",
  publisher =    "Wiley: New-York",
  year =         1985,
  volume =       "5",
  pages =        "397--405"
}

@BOOK (Han81,
         AUTHOR = "Hand, D. J.",
         TITLE = "Discrimination and Classification",
         PUBLISHER = {Wiley} ,
         YEAR = 1981)

@BOOK (Har76,
         AUTHOR = "Harman, H. H.",
         TITLE = "Modern Factor Analysis, 3rd edition",
         PUBLISHER = {The University of Chicago Press} ,
         YEAR = 1976)

@ARTICLE (Hel90,
         AUTHOR = "Helland, Inge S.",
         TITLE = "Partial least squares regression and statistical models",
         JOURNAL = "Scand. J. Stat.",
         VOLUME = 17,
         NUMBER = 2,
         PAGES = "97-114",
         YEAR = 1990)

@ARTICLE (KJM95,
         AUTHOR = "Krzanowski, W.J. and Jonathan, P. and McCarthy,
         W.V. and Thomas, M.R.",
         TITLE = "Discriminant analysis with singular covariance
         matrices: Methods and applications to spectroscopic data",
         JOURNAL = JRSSC, 
         VOLUME = 44, 
         NUMBER = 1, 
         PAGES = "101--115",
         YEAR = 1995)

@Book{KMS98,
  author = 	 {Khuri, A.I. and Mathew, T. and Sinha, B.K.},
  title = 	 {Statistical tests for mixed linear models},
  publisher = 	 {Wiley},
  year = 	 {1998},
}

@Unpublished{LBD00,

  author = {Lombard, V. and Baril, C. P. and Dubreuil, P. and Zhang,
     D.},
  title = 	 {Genetic relationships and fingerprinting of rapeseed
     cultivars using {AFLP}: consequences for varietal registration},
  note = 	 "{\em Crop Science, in press}",
  year = 	 {2000},
}

@ARTICLE (LBD, 
     AUTHOR = "Lombard, V. and Baril, C. P. and Dubreuil, P. and Zhang,
     D.",
     TITLE = "Genetic relationships and fingerprinting of rapeseed
     cultivars using {AFLP}: consequences for varietal registration",
     JOURNAL = CS,
     YEAR = 2000,
     NOTE = "{\it in press}" 
)

@ARTICLE (Mah36,
         TITLE = "On the generalized distances in statistics",
         AUTHOR = "Mahalanobis, P. C.",
         JOURNAL = PNISI,
         VOLUME = 2,
         YEAR = 1936,
         PAGES = "49--55")

@ARTICLE (MaN85,
         AUTHOR = "Naes, Tormod and Martens, Harald",
         TITLE = "Comparison of prediction methods for multicollinear data",
         JOURNAL = "Commun. Stat. Simulation Comput.",
         VOLUME = 14,
         PAGES = "545--576",
         YEAR = 1985)

@BOOK (MaN89,
         AUTHOR = "Martens, H. and Naes, T.",
         TITLE = "Multivariate Calibration",
         PUBLISHER = {Wiley} ,
         YEAR = 1989)



@Book{Mcl92,
  author = 	 {Mc{L}achlan, G.J.},
  title = 	 {Discriminant analysis and statistical pattern recognition},
  publisher = 	 {Wiley},
  year = 	 {92},
}

@ARTICLE (MeA01,
         AUTHOR = "Merola, G. M. and Abraham, B.",
         TITLE = "Dimensionality reduction appraoch to multivariate
         prediction",
         JOURNAL = "Canad. J. Statist.",
         VOLUME = 29,
         NUMBER = 2,
         PAGES = "191--200",
         YEAR = 2001)

@MastersThesis{Nue98,
  author = "Nuel, G.",
  title = "Pr\'ediction de distances ph\'enotypiques à partir de
  donn\'ees mol\'eculaires pour la distinction vari\'etale",
  school = "INA-PG -- Universit\'e Paris XI",
  year =   1998
}

@ARTICLE{NRB01, 
       AUTHOR = {Nuel, G. and Robin, S. and Baril, C.},
       title = {Predicting phenotypic distances using a linear model:
       the case of varietal distinctness},

       journal = JAS,
       volume = 28,
         YEAR = 2001,
       number = 5,
       pages = "607--621"}

@ARTICLE{NBR01, 
       AUTHOR = {Nuel, G. and Baril, C. and Robin, S.},
       title = {Varietal distinctness assisted by molecular markers:
       A methodological approach},
       journal = "Acta Horticulturae",
         YEAR = 2001,
       volume = 546,
       pages = "65--71"}



@Manual{Octave2,
  title = 	 {GNU Octave (Version 2.0.14)},
  author = 	 {Eaton, E. A.},
  address = 	 {{\tt http://www.octave.org}},
  year = 	 {1999}
}

@Manual{MatLab52,
          ORGANIZATION = {The Mathworks inc.},
          TITLE =  {MatLab (Version 5.2)},
}

@BOOK (RaM71,
         AUTHOR = "Rao, C.  R. and Mitra, S.  K.",
         TITLE = "Generalized inverse of matrices and its
         applications",
         PUBLISHER = {New York: Wiley} ,
         YEAR = 1971)

@InProceedings{RoG72,
  author =       "Rogers, J.S.",
  title =        "Measures of similarity and genetic distance",
  booktitle =    "Studies in Genetics",
  pages =        "145--153",
  year =         "1972",
  volume =       "VII",
  number =       "7213",
  publisher = "Univ. Texas Publ.",
}

@Book{SiW03,
  author = 	 {Singer, J.D. and Willett, J.B.},
  title = 	 {Applied Longitudinal Data Analysis},
  publisher = 	 {New York: Oxford University Press},
  year = 	 {2003},
}

@BOOK (Sap90,
         AUTHOR = "Saporta, G.",
         TITLE = "Probabilité, analyse des données et statistiques",
         PUBLISHER = {Éditions Technip} ,
         YEAR = 1990)

@MANUAL{SASstat6,
          TITLE = {SAS/STAT User's Guide (Version 6)},
          ORGANIZATION = {SAS Institute},
          YEAR = {1994},
}

@BOOK (Sch59,
         AUTHOR = "Scheffé, H.",
         TITLE = "The analysis of variance",
         PUBLISHER = {Wiley} ,
         YEAR = 1959)

@ARTICLE (StB90,
         AUTHOR = "Stone, M. and Brooks, R.J.",
         TITLE = "Continuum regression: Cross-validated sequentially
  constructed prediction embracing ordinary least squares, partial
  least squares and principal components regression",
         JOURNAL = JRSSB,
         VOLUME = 52,
         NUMBER = 2,
         PAGES = "237--269",
         YEAR = 1990)

@BOOK (Ten98,
         AUTHOR = "Tenenhaus, M.",
         TITLE = "La Régression PLS",
         PUBLISHER = {Éditions Technip} ,
         YEAR = 1998)

@InCollection{Wol85,
         author = {Wold, H.},
         title = {Partial least quares},
         booktitle = {Encyclopedia of statistical sciences},
         publisher = {Wiley, New-York},
         year = {1985},
         editor = {Kotz, S. and Johnson, N. L. }
}

%%%%%%%%%%%%%%%%%%%%%%%%%%%%%%%%%%%%%%%%%%%%%%%
%Ajouts FTIR

@Article{ChC88, 
  author = {Chen, L. and Carpita, N. C. and Reiter,
  W.-D. and Wilson, R. H. and Jeffries, C. and McCann, M. C.},
  title = {A rapid method to screen for cell-wall mutants using
discriminant analysis of Fourier transform infrared spectra},
  journal = 	 {Plant J.},
  year = 	 {1988},
  volume = 	 {16},
  number = 	 {3},
  pages = 	 {385--392},
}

@Article{RLH03,
  author = {Robin, S. and Lecomte, M. and Höfte, H. and Mouille, G.},
  title = {A procedure for the clustering of cell wall mutants in the
  model plant {\sl Arabidopsis} based on Fourier-Transform InfraRed
  (FT-IR) spectroscopy},
  journal = 	 {JAS},
  year = 	 {03},
  volume =       {30},
  number =       {6},
  note = 	 {\it in press}}


@Article{MRL03,
  author = {Mouille, G. and Robin, S. and Lecomte, M. and Pagant,
  S. and Höfte, H.},
  title = {Classification and identification of Arabidopsis cell wall
  mutants using Fourier Transform InfraRed (FT-IR) microspectroscopy},
  journal = 	 {Plant J.},
  year = 	 {03},
  note = 	 {{\it accepted}},
}


@Book{VeM00,
  author = 	 {Verbeke, G, and Molenberghs, G.},
  title = 	 {Linear Mixed Models for Longitudinal Data},
  publisher = 	 {Springer},
  year = 	 {2000},
}

@Book{ZIW09,
  author = 	 {Zuur, A.F. and Ieno, E.N. and Walker, N. and Saveliev, A.A. and Smith, G.M.},
  title = 	 {Mixed Effects Models and Extensions in Ecology with {R}},
  publisher = 	 {Springer},
  year = 	 {2009},
}
