@string{AAP="Ann. Appl. Prob."}
@string{AIHP="Ann. Inst. Henri Poincaré"}
@string{AISM="Ann. Inst. Statist. Math."}
@string{AMS="Ann. Math. Statist."}
@string{AP="Ann. Prob."}
@string{AS="Ann. Statist."}
@string{AdAP="Adv. Appl. Prob."}
@string{ApS="Appl. Statist."}
@string{AnAP="Ann. Appl. Prob."}
@string{BMB="Bull. Math. Biol"}
@string{CABIOS="Comp. Applic. Biosci."}
@string{CC="Computer Chem."}
@string{CS="Crop Science"}
@string{ESAIM="ESAIM: Probability and Statistics"}
@string{JAM="J. Analyse Math."}
@string{JAP="J. Appl. Prob."}
@string{JAS="J. Appl. Statist."}
@string{JASA="J. Amer. Statist. Assoc."}
@string{JBSD="J. Biomol. Struct. Dynamics"}
@string{JCB="J. Comp. Biol."}
@string{JCTA="J. Combinatorial Theory A"}
@string{JMB="J. Mol. Biol."}
@string{JME="J. Mol. Evol"}
@string{JTB="J. Theor. Biol."}
@string{JRSSB="J. R. Statist. Soc. B"}
@string{JRSSC="J. R. Statist. Soc. C"}
@string{JSCS="J. Statis. Comput. Simul."}
@string{MBE="Mol. Biol. Evol."}
@string{MPCPS="Math. Proc. Camb. Phil. Soc."}
@string{NAR="Nucl. Acids Res."}
@string{PNAS="Proc. Natl. Acad. Sci. USA"}
@string{PNISI="Proc. Natl. Inst. Sci. India"}
@string{PTRF="Prob. Theory Rel. Fields"}
@string{P="Preprint"}
@string{PSI="Prob. Statist. Inference"}
@string{RTB="INRA,  Biom\'etrie"}
@string{SPA="Stoch. Proc. Appl."}
@string{SS="Statistical Science"}
@string{SSI="Statistica Sinica"}
@string{TPA="Theory Prob. Appl."}
@string{ZW="Z. Wahrscheinlichkeitsth"}



@PhdThesis{Aln07,
  author = 	 {Alnosaier},
  title = 	 {Kenward-Roger Approximate {F} Test for Fixed Effects in Mixed Linear Models},
  school = 	 {Oregon State univ.},
  year = 	 {2007},
  OPTkey = 	 {},
  OPTtype = 	 {},
  OPTaddress = 	 {},
  OPTmonth = 	 {},
  OPTnote = 	 {},
  OPTannote = 	 {}
}

@BOOK (And73,
         AUTHOR = "Anderberg, H.H.",
         TITLE = "Cluster analysis for applications",
         PUBLISHER = {Academic Press} ,
         YEAR = 1973)

@Book{And58,
  author = 	 {Anderson, T.W.},
  title = 	 {An introduction to multivariate statistical analysis},
  publisher = 	 {Wiley},
  year = 	 {1958},
  series = 	 {Series in Probability and Statistics},
  edition = 	 {1st},
}

@Book{And03,
  author = 	 {Anderson, T.W.},
  title = 	 {An introduction to multivariate statistical analysis},
  publisher = 	 {Wiley},
  year = 	 {2003},
  series = 	 {Series in Probability and Statistics},
  edition = 	 {3rd},
  annote = {This is the third extended edition of the very famous book
    on multivariate statistical analysis. It reacts on recent
    developments in the area. The book traditionally concentrates on
    the methodology.  The third edtion covers y or more extensively
    the following items: \par 1. Patterns of dependence and graphical
    models, Chapter 15). \par 2. Measures of correlation and tests of
    independence.  \par 3. Reduced rank regression, including the
    limit-information maximum-liklihood estimator of an equation in a
    simultaneous equations model (Chapter 12 and 13). \par
    4. Elliptically contoured distributions. The elliptically
    contoured are introduced as a generalization of normal
    distribution and many results for normal distributions are
    extended this type of distribution - most of the chapters contains
    one section with such an extension. As the author admits that due
    to the space limit this edition does not reflect fast development
    in some areas, e.g. resampling method and nonparametric technique
    in multivariate analysis. The book belongs among classical famous
    texbook and in its present form takes into account development
    during the last 20 years. The book traditionally concentrates on
    the methodology. It is assumed that the reader is familiar with
    basic statistical concepts.  The book is really well written. This
    edition will be certainly welcomed not only by professional
    statisticians and students of statistics but also users of
    statistical methods.}  }

@BOOK (Arn81,
         AUTHOR = "Arnold, S.F.",
         TITLE = "The theory of linear models and multivariate analysis",
         PUBLISHER = {Wiley},
         YEAR = 1981)


{,
  author = 	 {},
  title = 	 {},
  note = 	 {},
  OPTkey = 	 {},
  OPTmonth = 	 {},
  OPTyear = 	 {},
  OPTannote = 	 {}
}

@Unpublished{Aza04,
  author = 	 {Azais, J.M.},
  title = 	 {Composantes de la variabilité, {P}lans d'expériences},
  note = {Polycopié de l'Université Paul Sabatier Toulouse III~: {\tt
  www.lsp.ups-tlse.fr/Azais/polys.html}},
  year = 	 {2004}
}


@Book{Bap00,
  author = 	 {Bapat, R., B.},
  title = 	 {Linear algebra and linear models},
  publisher = 	 {Springer},
  year = 	 {2000},
  edition = 	 {2nd},
}

@Book{BoS98,
  author = 	 {Bouroche, J.-M. and Saporta, G.},
  title = 	 {L’analyse des données},
  publisher = 	 {PUF},
  year = 	 {1998},
  number = 	 {1854},
  series = 	 {Que sais-je~?},
  edition = 	 {2-ème}
}

@BOOK (BuA98,
         AUTHOR = "Burnham, K. P. and Anderson, R. A.",
         TITLE = "Model Selection and Inference: A Practical
         Information-Theoretic Approach",
         PUBLISHER = {Wiley: New-York} ,
         YEAR = 1998)     


@Book{Cou81,
  author = 	 {Coursol, J.},
  title = 	 {Techniques statistiques des modèles linéaires -- Aspects théoriques},
  publisher = 	 {CIMPA},
  year = 	 {1981}
}

@Book{Dem04,
  author = 	 {Demindenko, E.},
  title = 	 {Mixed Models: Theory and Applications},
  publisher = 	 {Wiley},
  year = 	 {2004},
}

@Book{DCD82,
  author = 	 {Dacunha-Castelle, D. and Duflo, M.},
  title = 	 {Probabilités et statiqtiques},
  publisher = 	 {Masson},
  year = 	 {1982},
  volume = 	 {1. Problèmes à temps fixe},
}

@Book{Dag81,
  author = 	 {Dagnélie, P.},
  title = 	 {Principes d'expérimentation},
  publisher = 	 {Presse Agronomiques de {G}embloux},
  year = 	 {1981}
}

@Book{Dav03,
  author = 	 {Davis, C. S.},
  title = {Statistical methods for the analysis of repeated
  measurements},
  publisher = 	 {Springer},
  year = 	 {2003}
}

@Book{Dob90,
  author = 	 {Dobson, A. J.},
  title = 	 {An introduction to generalized linear models},
  publisher = 	 {Chapman \& Hall},
  year = 	 {1990}
}


@Unpublished{Fou03,
  author = 	 {Foulley, J.-L.},
  title = 	 {Le modèle linéaire mixte},
  note =  {Polycopié ENSAI / Paris VII / INA PG},
  year = 	 {2003}
}


@Article{FaC96,
  author = 	 {Fai, A.H.T. and Cornelius, P.L.},
  title = 	 {Approximate {F}-tests of Multiple Degree of Freedom Hypotheses in Generalized Least Squares Analyses of Unbalanced Split-plot Experiments}, 
  journal = 	 JSCS,
  year = 	 {1996},
  volume = 	 {54},
  pages = 	 {363--78},
}

@ARTICLE (Fox56,
         TITLE = "Charts of the power of the {$F$}-test",
         AUTHOR = "Fox, M.",
         JOURNAL = AMS,
         VOLUME = 27,
         YEAR = 1956,
         PAGES = "485--494")

@InBook{Gow85,
  author =    "Gower, J.C.",
  editor =    "Kotz, S. and Johnson, N.L.",
  title =        "Encyclopedia of statistical sciences",
  chapter =      "Measures of similarity and distance",
  publisher =    "Wiley",
  year =         1985,
  volume =       "5",
  pages =        "397--405"
}

@BOOK (Han81,
         AUTHOR = "Hand, D.J.",
         TITLE = "Discrimination and classification",
         PUBLISHER = {Wiley} ,
         YEAR = 1981)

@BOOK (Har76,
         AUTHOR = "Harman, H.H.",
         TITLE = "Modern factor analysis",
         PUBLISHER = {The University of Chicago Press} ,
         Edition = {3rd}, 
         YEAR = 1976)




@Book{HCK90,
  author = 	 {Hill, C. and Com-Nougué, C. and Kramar, A. and Moreau, T. and O'Quigley, J. and Senoussi, R. and Chastang, C.}, 
  title = 	 {Analyse statistique des données de survie},
  publisher = 	 {INSERM / Flammarion: Médecine-Sciences},
  year = 	 {1990},
}

@Book{JKB95-2,
  author = 	 {Johnson, N.L. and Kotz, S. and Balakrishnan, N.},
  title = 	 {Continuous univariate distributions},
  publisher = 	 {Wiley},
  year = 	 {1995},
  volume = 	 {2},
  edition = 	 {2nd}
}

@Article{KeR97,
  author = 	 {Kenward, M.G. and Roger, J.H.},
  title = 	 {Small Sample Inference for Fixed Effects from Restricted Maximum Likelihood},
  journal = 	 {Biometrics},
  year = 	 {1997},
  volume = 	 {53},
  pages = 	 {983--97},
  }

@ARTICLE (Mah36,
         TITLE = "On the generalized distances in statistics",
         AUTHOR = "Mahalanobis, P.C.",
         JOURNAL = PNISI,
         VOLUME = 2,
         YEAR = 1936,
         PAGES = "49--55")

@BOOK (MaN89,
         AUTHOR = "Martens, H. and Naes, T.",
         TITLE = "Multivariate calibration",
         PUBLISHER = {Wiley} ,
         YEAR = 1989)

@BOOK (McN83,
         AUTHOR = "McCullagh, P. and Nelder, J. A.",
         TITLE = "Generalized linear models",
         PUBLISHER = {Chapman \& Hall} ,
         YEAR = 1983)


@Book{MKB79,
  author = 	 {Mardia, K.V. and Kent, J.T. and Bibby, J.M.},
  title = 	 {Multivariate analysis},
  publisher = 	 {Academic press},
  year = 	 {1979}
}

@Book{MLP00,
  author = 	 {McLachlan, G. and Peel, D.},
  title = 	 {Finite mixture models},
  publisher = 	 {Wiley},
  year = 	 {2000},
}

@Book{PiB00,
  author = 	 {Pinheiro, J.C. and Bates, D.M.},
  title = 	 {Mixed-Effects Models in S and S-Plus},
  publisher = 	 {Springer},
  year = 	 {2000},
}

@ARTICLE (PeH51,
         TITLE = "Charts of the power function of the analysis of
         variance tests, derived from the non-central
         {$F$}-distribution",
         AUTHOR = "Pearson, S. and Heartley, H.O.",
         JOURNAL = {Biometrika},
         VOLUME = 38,
         YEAR = 1951,
         PAGES = "115--122")

@BOOK (RaM71,
         AUTHOR = "Rao, C. R. and Mitra, S. K.",
         TITLE = "Generalized inverse of matrices and its
         applications",
         PUBLISHER = {Wiley} ,
         YEAR = 1971)


@BOOK (Rao73,
         AUTHOR = "Rao, C.R.",
         TITLE = "Linear statistical inference and its applications",
         EDITION = {2nd},
         PUBLISHER = {Wiley} ,
         YEAR = 1973)

@InProceedings{RoG72,
  author =       "Rogers, J.S.",
  title =        "Measures of similarity and genetic distance",
  booktitle =    "Studies in Genetics",
  pages =        "145--153",
  year =         "1972",
  volume =       "VII",
  number =       "7213",
  publisher = "Univ. Texas Publ.",
}

@BOOK (Sap90,
         AUTHOR = "Saporta, G.",
         TITLE = "Probabilité, analyse des données et statistiques",
         edition =      {1st},
         PUBLISHER = {Technip} ,
         YEAR = 1990)

@MANUAL{SASstat6,
          TITLE = {SAS/STAT User's Guide (Version 6)},
          ORGANIZATION = {SAS Institute},
          YEAR = {1994},
}

@MANUAL{SAS8web,
          TITLE = {SAS online doc (Version 8)},
          ORGANIZATION = {SAS Institute},
          YEAR = {1999},
          note = {({\tt Documentation en ligne})}
}

@Manual{SAS9,
  title = 	 {SAS OnlineDoc 9.1.3},
  organization = {SAS Institute Inc.},
  address = 	 {Cary, NC, USA},
  year = 	 {2002-2003},
  note = 	 {{\tt support.sas.com/onlinedoc/913/}},
}

@Book{Sea71,
  author = 	 {Searle, S.R.},
  title = 	 {Linear models},
  publisher = 	 {Wiley},
  EDITION = {1st},
  year = 	 {1971},
}

@BOOK (Sch59,
         AUTHOR = "Scheffé, H.",
         TITLE = "The analysis of variance",
         PUBLISHER = {Wiley} ,
         EDITION = {1st},
         YEAR = 1959)

@BOOK (SoS63,
         AUTHOR = "Sokal, R.R. and Sneath, P.H.A.",
         TITLE = "Principles of numerical taxonomy",
         PUBLISHER = Freeman,
         YEAR = 1963)


@Book{Tas85,
  author = 	 {Tassi, Ph},
  title = 	 {Méthodes statistiques},
  publisher = 	 {Economica},
  edition =      {1st},
  year = 	 {1985}
}

@BOOK (Ten98,
         AUTHOR = "Tenenhaus, M.",
         TITLE = "La régression PLS",
         PUBLISHER = {Technip} ,
         YEAR = 1998)

@BOOK (TLM83,
         AUTHOR = "Tomassone, R. and Lesquoy, E. and Millier, C.",
         TITLE = "La régression~: Nouveaux regards sur une ancienne méthode statistique",
         PUBLISHER = {Masson} ,
         YEAR = 1985)


