@string{AAP="Ann. Appl. Prob."}
@string{AIHP="Ann. Inst. Henri Poincaré"}
@string{AISM="Ann. Inst. Statist. Math."}
@string{AP="Ann. Prob."}
@string{AS="Ann. Statist."}
@string{AdAP="Adv. Appl. Prob."}
@string{ApS="Appl. Statist."}
@string{AnAP="Ann. Appl. Prob."}
@string{BMB="Bull. Math. Biol"}
@string{CABIOS="Comp. Applic. Biosci."}
@string{CC="Computer Chem."}
@string{CSTM="Commun. Statist. - Theory Meth."}
@string{ESAIM="ESAIM: Probability and Statistics"}
@string{JAM="J. Analyse Math."}
@string{JAP="J. Appl. Prob."}
@string{JAS="J. Appl. Statist."}
@string{JASA="J. Amer. Statist. Assoc."}
@string{JBSD="J. Biomol. Struct. Dynamics"}
@string{JCB="J. Comp. Biol."} 
@string{JCTA="J. Combinatorial Theory A"}
@string{JMB="J. Mol. Biol."}
@string{JME="J. Mol. Evol"}
@string{JTB="J. Theor. Biol."}
@string{JRSSB="J. R. Statist. Soc. B"}
@string{JRSSC="J. R. Statist. Soc. C"}
@string{MBE="Mol. Biol. Evol."}
@string{MPCPS="Math. Proc. Camb. Phil. Soc."}
@string{NAR="Nucl. Acids Res."}
@string{PNAS="Proc. Natl. Acad. Sci. USA"}
@string{PTRF="Prob. Theory Rel. Fields"}
@string{P="Preprint"}
@string{PSI="Prob. Statist. Inference"}
@string{RTB="INRA,  Biom\'etrie"}
@string{SPA="Stoch. Proc. Appl."}
@string{SPL="Statist. Prob. Letters"}
@string{SS="Statistical Science"}
@string{SSI="Statistica Sinica"}
@string{TPA="Theory Prob. Appl."}
@string{ZW="Z. Wahrscheinlichkeitsth"}

@Book{Bil68,
  author = 	 {Billingsley, P.},
  title = 	 {Convergence of probability measures},
  publisher = 	 {Wiley},
  year = 	 {1968},
}

@Unpublished{Bar94,
  author = 	 {Barbe, P.},
  title = 	 {A central limit theorem for the mean in rejective sampling},
  year = 	 {1994},
  note = 	 {{\it preprint}},
}

@Article{Cox72,
  author = 	 {Cox, D. R.},
  title = 	 {Regression models and life-tables},
  journal = 	 JRSSB,
  year = 	 {1972},
  volume = 	 {34},
  pages = 	 {187--220},
  note = 	 {(with discussion)},
}

@Article{Geh65,
  author = 	 {Gehan, E. A.},
  title = 	 {A generalized Wilcoxon test for comparing arbitrarily
singly-censored samples},
  journal = 	 {Biometrika},
  year = 	 {1965},
  volume = 	 {52},
  pages = 	 {203--23},
}


@Article{HaF82,
  author = 	 {Harrington, D.P. and Fleming, T.R.},
  title = 	 {A class of rank test procedures for censored survival data},
  journal = 	 {Biometrika},
  year = 	 {1982},
  volume = 	 {69},
  pages = 	 {553--66},
}

@Article{HPS77,
  author = 	 {Hollander, M. and Proschan, F. and Sethuraman, J. },
  title = {Functions decreasing in transposition and their
           applications in ranking problems},
  journal = 	 AS,
  year = 	 {1977},
  volume = 	 {5},
  pages = 	 {722--33},
}

@Article{Ros87,
  author = 	 {Rosenbaum, P.R.},
  title = {Sensitivity analysis for certain permutation inferences in
           matched observational studies },
  journal = 	 {Biometrika},
  year = 	 {1987},
  volume = 	 {74},
  pages = 	 {13--26},
}

