%===== INV =====
%|=======================================================>
%//Conférences données sur invitation du Comité scientifique d'un congrès national ou international//
%<bibtex>

%%%%%%%%%%%%%%%%%%%%%%%%%%%%%%%%%%%%%%%%%%%%%%%%%%%%%%%%%%%%%%%%
% 2015
%%%%%%%%%%%%%%%%%%%%%%%%%%%%%%%%%%%%%%%%%%%%%%%%%%%%%%%%%%%%%%%%

%%%%%%%%%%%%%%%%%%%%%%%%%%%%%%%%%%%%%%%%%%%%%%%%%%%%%%%%%%%%%%%%
% 2014
%%%%%%%%%%%%%%%%%%%%%%%%%%%%%%%%%%%%%%%%%%%%%%%%%%%%%%%%%%%%%%%%

@InProceedings{Rob14-Grenoble,
  author = {Robin, S.},
  title = {Averaging Stochastic Block Models to approximate W-graphs: An illustration of variational (Bayes) inference for latent variable models},
  booktitle = {Mod\'eles graphiques probabilistes et mod\'eles de donn\'ees structur\'ees sur graphes},
  address = {Grenoble, France}, 
  year = {2014},
  note = {},
  annote = {type:INV author:Robin},
}


@InProceedings{Rob14-WGMBC,
  author = {Robin, S.},
  title = {Bayesian Model Averaging of Stochastic Block Models to Estimate the Graphon Function and Motif Frequencies in a W-graph Model},
  booktitle = {Working group on model-based clustering},
  address = {Dublin, Ireland}, 
  year = {2014},
  note = {},
  annote = {type:INV author:Robin},
}

@InProceedings{Rob14-ERCIM,
  author = {Robin, S.},
  title = {Bayesian Model Averaging of Stochastic Block Models to Estimate the Graphon Function},
  booktitle = {Computational and methodological statistics (ERCIM'14)},
  address = {Pisa, Italy}, 
  year = {2014},
  note = {},
  annote = {type:INV author:Robin},
}

@InProceedings{Rob14-Cambridge,
  author = {Robin, S.},
  title = {Exact ({B}ayesian) inference for change point models: {A}pplication to genomics},
  booktitle = {Inference for Change Point and Related Processes},
  address = {Cambridge, {UK}}, 
  year = {2014},
  note = {},
  annote = {type:INV author:Robin},
}

%%%%%%%%%%%%%%%%%%%%%%%%%%%%%%%%%%%%%%%%%%%%%%%%%%%%%%%%%%%%%%%%
% 2013
%%%%%%%%%%%%%%%%%%%%%%%%%%%%%%%%%%%%%%%%%%%%%%%%%%%%%%%%%%%%%%%%

@InProceedings{Rob13-PaloAlto,
  author = {Robin, S.},
  title = {Connexions between exponential random graph models and the stochastic block model},
  booktitle = {Exponential random network models},
  address = {American Institute of Mathematics, Palo Alto, USA}, 
  year = {2013},
  note = {},
  annote = {type:INV author:Robin},
}

@InProceedings{Rob13-CLADAG,
  author = {Robin, S.},
  title = {Deciphering and modeling heterogeneity in interaction networks},
  booktitle = {Classification and data analysis group},
  address = {Modena, Italy}, 
  year = {2013},
  note = {},
  annote = {type:INV author:Robin},
}

@InProceedings{Rob13-CREST,
  author = {Robin, S.},
  title = {Deciphering and modeling heterogeneity in interaction networks (using variational approximations)},
  booktitle = {Stats in {P}aris},
  address = {ENSAE, Malakoff, France}, 
  year = {2013},
  note = {},
  annote = {type:INV author:Robin},
}

@InProceedings{Rob13-MMCS,
  author = {Robin, S.},
  title = {Deciphering and modeling heterogeneity in interaction networks (using variational approximations)},
  booktitle = {Mathematical Modeling of Complex Systems},
  address = {Ecole Centrale de Paris, Chantenay, France}, 
  year = {2013},
  note = {},
  annote = {type:INV author:Robin},
}

@InProceedings{Rob13-URGV,
  author = {Robin, S.},
  title = {Accounting for exogenous information in genomic analysis: Two examples},
  booktitle = {Journ\'ees de l'URGV},
  address = {Evry, France}, 
  year = {2013},
  note = {},
  annote = {type:INV author:Robin},
}

@InProceedings{Rob13-Bologna,
  author = {Robin, S.},
  title = {Identifiability in Hidden Markov Models Applications to Genomics},
  booktitle = {Working group on model-based clustering},
  address = {Bologna, Italy}, 
  year = {2013},
  note = {},
  annote = {type:INV author:Robin},
}


%%%%%%%%%%%%%%%%%%%%%%%%%%%%%%%%%%%%%%%%%%%%%%%%%%%%%%%%%%%%%%%%
% 2012
%%%%%%%%%%%%%%%%%%%%%%%%%%%%%%%%%%%%%%%%%%%%%%%%%%%%%%%%%%%%%%%%

@InProceedings{Rob12-Nancy,
  author = {Robin, S.},
  title = {Some Statistical Models and Algorithms for Change-Point Problems in Genomics},
  booktitle = {Journ\'es de statistique m\'edicale},
  address = {Nancy, France}, 
  year = {2012},
  note = {},
  annote = {type:INV author:Robin},
}

@InProceedings{Rob12-Guelph,
  author = {Robin, S.},
  title = {Averaging mixture models: a variational approximation},
  booktitle = {Working group on model-based clustering},
  address = {Guelph, Canada}, 
  year = {2012},
  note = {},
  annote = {type:INV author:Robin},
}

@InProceedings{Rob12-Stuttgart,
  author = {Robin, S.},
  title = {Some Statistical Models and Algorithms for Change-Point Problems in Genomics},
  booktitle = {Statistical and dynamical models in biology and medicine},
  address = {Stuttgart, Germany}, 
  year = {2012},
  note = {},
  annote = {type:INV author:Robin},
}

@InProceedings{Rob12-SMAI,
  author = {Robin, S.},
  title = {Some Statistical Models and Algorithms for Change-Point Problems in Genomics},
  booktitle = {Journ\'ees SMAI-MAIRCI},
  address = {Grenoble}, 
  year = {2012},
  note = {},
  annote = {type:INV author:Robin},
}

%%%%%%%%%%%%%%%%%%%%%%%%%%%%%%%%%%%%%%%%%%%%%%%%%%%%%%%%%%%%%%%%
% 2011
%%%%%%%%%%%%%%%%%%%%%%%%%%%%%%%%%%%%%%%%%%%%%%%%%%%%%%%%%%%%%%%%

@InProceedings{Rob11-Meteo,
  author = {Robin, S.},
  title = {Some statistical tools for change-points detection},
  booktitle = {Homogenization in Climatological Databases {COST} action},
  address = {Budapest, Hungary}, 
  year = {2011},
  note = {},
  annote = {type:INV author:Robin},
}

@InProceedings{Rob11-Neuro,
  author = {Robin, S.},
  title = {Deciphering Network's Structure via the Stochastic Block-Model},
  booktitle = {Neuroimaging-Genetics Data Analysis Workshop},
  address = {Paris}, 
  year = {2011},
  note = {},
  annote = {type:INV author:Robin},
}


@InProceedings{Rob11-Graphs,
  author = {Robin, S.},
  title = {Variational inference for the Stochastic Block-Model},
  booktitle = {'Random Graphs' Workshop },
  address = {Lille}, 
  year = {2011},
  note = {},
  annote = {type:INV author:Robin},
}

%%%%%%%%%%%%%%%%%%%%%%%%%%%%%%%%%%%%%%%%%%%%%%%%%%%%%%%%%%%%%%%%
% 2010
%%%%%%%%%%%%%%%%%%%%%%%%%%%%%%%%%%%%%%%%%%%%%%%%%%%%%%%%%%%%%%%%

@InProceedings{Rob10-SAMSI,
  author = {Robin, S.},
  title = {Uncovering structure in interaction networks},
  booktitle = {Complex Networks Modeling Workshop},
  address = {SAMSI, Raleigh, USA}, 
  year = {2010},
  note = {},
  annote = {type:INV author:Robin},
}

@InProceedings{Rob10-StatSud,
  author = {Robin, S.},
  title = {Some statistical models for genomic analysis},
  booktitle = {Journées statistiques du Sud},
  address = {Montpellier}, 
  year = {2010},
  note = {(3 lectures)},
  annote = {type:INV author:Robin},
}

@InProceedings{Rob10-StatLearn,
  author = {Robin, S.},
  title = {Statistical analysis of bio-molecular data and combinatorial difficulties: two examples},
  booktitle = {StatLearn},
  address = {Paris}, 
  year = {2010},
  note = {},
  annote = {type:INV author:Robin},
}

%%%%%%%%%%%%%%%%%%%%%%%%%%%%%%%%%%%%%%%%%%%%%%%%%%%%%%%%%%%%%%%%
% 2009
%%%%%%%%%%%%%%%%%%%%%%%%%%%%%%%%%%%%%%%%%%%%%%%%%%%%%%%%%%%%%%%%

@InProceedings{Rob09-STAPH,
  author = {Robin, S.},
  title = {Breakpoint detection in genomic alteration studies},
  booktitle = {Statistique fonctionnelle et opérationnelle (STAPH)},
  address = {Dijon}, 
  year = {2009},
  note = {},
  annote = {type:INV author:Robin},
}

@InProceedings{Rob09-JDS,
  author = {Robin, S.},
  title = {Breakpoint detection and {CGH} arrays analysis},
  booktitle = {Journées de statistiques},
  address = {Bordeaux}, 
  year = {2009},
  note = {},
  annote = {type:INV author:Robin},
}

%%%%%%%%%%%%%%%%%%%%%%%%%%%%%%%%%%%%%%%%%%%%%%%%%%%%%%%%%%%%%%%%
% 2008
%%%%%%%%%%%%%%%%%%%%%%%%%%%%%%%%%%%%%%%%%%%%%%%%%%%%%%%%%%%%%%%%

@InProceedings{RobO8-WCSB,
  author = {Robin, S.},
  title = {Uncovering (global) structure and (local) motifs in networks},
  booktitle = {Fifth International Workshop on Computational Systems Biology (WCSB)},
  address = {Leipzig}, 
  year = {2008},
  note = {},
  annote = {type:INV author:Robin},
}



