@string{AAP="Ann. Appl. Prob."}
@string{AIHP="Ann. Inst. Henri Poincaré"}
@string{AISM="Ann. Inst. Statist. Math."}
@string{AP="Ann. Prob."}
@string{AS="Ann. Statist."}
@string{AdAP="Adv. Appl. Prob."}
@string{ApS="Appl. Statist."}
@string{AnAP="Ann. Appl. Prob."}
@string{BMB="Bull. Math. Biol"}
@string{CABIOS="Comp. Applic. Biosci."}
@string{CC="Computer Chem."}
@string{ESAIM="ESAIM: Probability and Statistics"}
@string{JAM="J. Analyse Math."}
@string{JAP="J. Appl. Prob."}
@string{JASA="J. Amer. Statist. Assoc."}
@string{JBSD="J. Biomol. Struct. Dynamics"}
@string{JCB="J. Comp. Biol."} 
@string{JCTA="J. Combinatorial Theory A"}
@string{JMB="J. Mol. Biol."}
@string{JME="J. Mol. Evol"}
@string{JTB="J. Theor. Biol."}
@string{JRSSB="J. R. Statist. Soc. B"}
@string{JRSSC="J. R. Statist. Soc. C"}
@string{MBE="Mol. Biol. Evol."}
@string{MPCPS="Math. Proc. Camb. Phil. Soc."}
@string{NAR="Nucl. Acids Res."}
@string{PNAS="Proc. Natl. Acad. Sci. USA"}
@string{PTRF="Prob. Theory Rel. Fields"}
@string{P="Preprint"}
@string{PSI="Prob. Statist. Inference"}
@string{RTB="INRA,  Biom\'etrie"}
@string{SPA="Stoch. Proc. Appl."}
@string{SPL="Statist. Prob. Letters"}
@string{SS="Statistical Science"}
@string{SSI="Statistica Sinica"}
@string{TPA="Theory Prob. Appl."}
@string{ZW="Z. Wahrscheinlichkeitsth"}

@ARTICLE (ABM96,
         TITLE = "Sooner and later waiting times problems for success
         and failure runs in higher order {M}arkov dependent trials",
         AUTHOR = "Aki, S. and Balakrishnan, N.and Mohanty, S.G.",
         JOURNAL = AISM,
         VOLUME = 48,
         NUMBER = 4,
         YEAR = 1996,
         PAGES = "773--787")

@ARTICLE{AbW06,
    author = {Abate, J. and Whitt, W.},
    title = {A unified framework for numerically inverting {L}aplace transforms},
    journal = {INFORMS Journal on Computing},
    year = {2006},
    volume = {18},
    pages = {408--421}
}

@ARTICLE (AGG89,
         TITLE = "Two moments suffice for {P}oisson approximations:
  the {C}hen-{S}tein method", 
         AUTHOR = "Arratia, R. and Goldstein, L. and Gordon, L.",
         JOURNAL = AP,
         VOLUME = 17,
         YEAR = 1989,
         PAGES = "9--25")

@article{AiH89,
author = {Aitchison, J. and Ho, C. H.}, 
title = {The multivariate Poisson-log normal distribution}, 
volume = {76}, 
number = {4}, 
pages = {643-653}, 
year = {1989}, 
doi = {10.1093/biomet/76.4.643}, 
abstract ={The statistical analysis of multivariate counts has proved difficult because of the lack of a parametric class of distributions supporting a rich enough correlation structure. With increasing availability of powerful computing facilities an obvious candidate for consideration is now the multivariate log normal mixture of independent Poisson distributions, the multivariate Poisson-log normal distribution. The properties of this discrete multivariate distribution are studied and its uses in a variety of applications to multivariate count data are illustrated.}, 
URL = {http://biomet.oxfordjournals.org/content/76/4/643.abstract}, 
eprint = {http://biomet.oxfordjournals.org/content/76/4/643.full.pdf+html}, 
journal = {Biometrika} 
}

@InCollection{AkH93,
  author =  {Aki, S. and Hirano, K.},
  title = {Discrete distributions related to succession events in a
  two state {M}arkov chain},
  booktitle =  {Statistical Sciences and Data Analysis},
  pages =  {467--474},
  publisher = {VSP Publishers: Amsterdam},
  year =  {1993},
  editor =  {Matusita, K. and Puri, M. L. and Hayakawa, T.},
}

@BOOK (Ald89,
         AUTHOR = "Aldous, D.",
         TITLE = "{P}oisson Approximations via the {P}oisson Clumping Heuristic",
         PUBLISHER = {Springer-Verlag: New-York} ,
         YEAR = 1989)     
        
@ARTICLE (AlE85,
         TITLE = "Significance of nucleotide sequence alignments~: {A}
  method for random sequence permutation that
  preserves dinucleotide and codon usage", 
         AUTHOR = "Altschul, S. F. and Erickson, B. W.",
         JOURNAL = MBE,
         VOLUME = 2,
         YEAR = 1985,
         PAGES = "526--538")

@ARTICLE (AGG90,
         TITLE = "{P}oisson approximation and the {C}hen-{S}tein method",
         AUTHOR = "Arratia, R. and Goldstein, L. and Gordon, L.",
         JOURNAL = SS,
         VOLUME = 5,
         YEAR = 1990,
         PAGES = "403--434")

@ARTICLE (AGW90,
         TITLE = "The {E}rd{\"o}s-{R}ényi law in distribution, for coin tossing and sequence matching",
         AUTHOR = "Arratia, R. and Gordon, L. and Waterman, M. S.",
         JOURNAL = AS,
         VOLUME = 18,
         YEAR = 1990,
         PAGES = "539--570")



@Book{ArC98,
  editor =  {Armitage,  P. and Colton, T.},
  title =  {Encyclopedia of Biostatistics},
  publisher =  {Wiley},
  year =  {1998},
}

@ARTICLE (ArW85,
         TITLE = "Critical phenomena in sequence matching", 
         AUTHOR = "Arratia, R. and Waterman, M. S.",
         JOURNAL = AP,
         VOLUME = 13,
         YEAR = 1985,
         PAGES = "1236--1249")

@ARTICLE (ArW89,
         TITLE = "The {E}rd{\"o}s-{R}ényi strong law for pattern matching
  with a given porportion of mismatches", 
         AUTHOR = "Arratia, R. and Waterman, M. S.",
         JOURNAL = AP,
         VOLUME = 17,
         YEAR = 1989,
         PAGES = "1152--1169")

@ARTICLE (ArM90a,
         TITLE = "Periodicities in coding and noncoding regions of the genes",
         AUTHOR = "Arqu\`es, D. G. and Michel, C.J.", 
         JOURNAL = JTB,
         VOLUME = 143,
         YEAR = 1990,
         PAGES = "307--318")

@ARTICLE (ArM90b,
         TITLE = "A model of {DNA} sequence evolution",
         AUTHOR = "Arqu\`es, D. G. and Michel, C.J.",
         JOURNAL = BMB,
         VOLUME = 52,
         YEAR = 1990,
         PAGES = "741--772")


@Article{AuC97,
  author =  {S. Audic, and J.-M. Claverie },
  title =  {The Significance of Digital Gene Expression Profiles},
  journal =  {Genome Res.},
  year =  {1997},
  volume =  {7},
  number =  {10},
  pages =  {986--95},
  month =  {October}
}



@ARTICLE (Ave87,
         TITLE = "The analysis of intron data and their use in the
  detection of short signals", 
         AUTHOR = "Avery, P. J.",
         JOURNAL = JME,
         VOLUME = 26,
         YEAR = 1987,
         PAGES = "335--340")

@ARTICLE (BaB92a,
         TITLE = "{S}tein's method and point process approximation", 
         AUTHOR = "Barbour, A. D. and Brown, T.C.",
         JOURNAL = SPA,
         VOLUME = 43,
         YEAR = 1992,
         PAGES = "9--31")

@ARTICLE (BaB92b,
         TITLE = "The {S}tein-{C}hen method, point process and compensators", 
         AUTHOR = "Barbour, A. D. and Brown, T.C.",
         JOURNAL = AP,
         VOLUME = 20,
         YEAR = 1992,
         PAGES = "1504--1527")

@ARTICLE (BaE83,
         TITLE = "{P}oisson approximation for some statistics based on
  exchangeable trials", 
         AUTHOR = "Barbour, A. D. and Eagleson, G. K.",
         JOURNAL = AAP,
         VOLUME = 15,
         YEAR = 1983,
         PAGES = "585--600")

@ARTICLE (BaE84,
         TITLE = "{P}oisson convergence for dissociated statistics",
         AUTHOR = "Barbour, A. D. and Eagleson, G. K.",
         JOURNAL = JRSSB,
         VOLUME = 46,
         YEAR = 1984,
         PAGES = "397--402")

@ARTICLE (BaH84,
         TITLE = "On the rate of {P}oisson convergence",
         AUTHOR = "Barbour, A. D. and Hall, P.",
         JOURNAL = MPCPS,
         VOLUME = 95,
         YEAR = 1984,
         PAGES = "473--480")

@ARTICLE (Ban88,
         TITLE = "On some statistics connected with runs in {M}arkov chains", 
         AUTHOR = "Banjevic, D.",
         JOURNAL = JAP,
         VOLUME = 25,
         YEAR = 1988,
         PAGES = "815--821")

@ARTICLE (BDM02, 
         TITLE = "Back to the local score in the logarithmic case: a
         direct and simple proof",
         AUTHOR = "Bacro, J.-N. and Daudin, J.-J. and Mercier, S. and
         Robin, S.",
         JOURNAL = AISM, 
         YEAR = 2002,
         VOLUME = 54,
         PAGES = "748--757")

@ARTICLE (BCL92,
         TITLE = "Compound {P}oisson approximation for nonnegative
  random variables via {S}tein's method",
         AUTHOR = "Barbour, A. D. and Chen, L. H. Y. and Loh, W.-L.",
         JOURNAL = AP,
         VOLUME = 20,
         YEAR = 1992,
         PAGES = "1843--1866")

@ARTICLE (BEG98,
        TITLE = "Codon usage can explain {GT}-rich islands surrounding
        {C}hi sites on the \textsl{Escherichia coli\/} genome",
        AUTHOR = "Biaudet, V. and El Karoui, M. and Gruss, A.",
        JOURNAL = "Mol. Microbiol.",
        VOLUME = 29,
        YEAR = 1998,
        PAGES = "666--669")

@BOOK (BGS99,
         TITLE = "{R'MES} : {R}echerche de Mots Exceptionnels dans les
                  Séquences d'{ADN} -- Version 2", 
         AUTHOR = "Bouvier, A. and Gélis, F. and Schbath, S.",
         YEAR = 1999,
         PUBLISHER = "Guide de l'utilisateur. INRA, Biom\'etrie",
         ADDRESS = "F78352 Jouy-en-Josas. \\          
            (\texttt{http://www.inra.fr/bia/J/AB/genome/RMES/welcome.html})")

@ARTICLE (BiC87,
         TITLE = "{M}arkov renewal processes, counters and repeated sequences 
                  in {M}arkov chains", 
         AUTHOR = "Biggins, J. D. and Cannings, C.",
         JOURNAL = AdAP,
         VOLUME = 19,
         YEAR = 1987,
         PAGES = "521--545")

@ARTICLE (Bla85,
         TITLE = "{M}arkov chain analysis finds a significant influence
  of neighboring bases on the occurrence of a base in
  eucariotic nuclear {DNA} sequences both
  protein-coding and noncoding", 
         AUTHOR = "Blaisdell, B. E.",
         JOURNAL = JME,
         VOLUME = 21,
         YEAR = 1985,
         PAGES = "278--288")

@ARTICLE (Blo82,
         TITLE = "On the mean number of random digits until a given
                  sequence occurs", 
         AUTHOR = "Blom, G.",
         JOURNAL = JAP,
         VOLUME = 19,
         YEAR = 1982,
         PAGES = "136--143")

@ARTICLE (BlT82,
         TITLE = "How many random digits are required until given
                  sequences are obtained ?", 
         AUTHOR = "Blom, G. and Thorburn, D.",
         JOURNAL = JAP,
         VOLUME = 19,
         YEAR = 1982,
         PAGES = "518--531")

@ARTICLE (BBT86a,
         TITLE = "Linguistics of nucleotide sequences: {M}orphology
  and comparison of vocabularies", 
         AUTHOR = " Brendel, V. and  Beckmann, J. S.  and  Trifonov, E. N.",
         JOURNAL = JBSD,
         VOLUME = 4,
         YEAR = 1986,
         PAGES = "11--21")

@ARTICLE (BBT86b,
         TITLE = "Intervening sequences exhibit distinct vocabulary",
         AUTHOR = "Beckmann, J. S. and Brendel, V. and Trifonov, E. N.",
         JOURNAL = JBSD,
         VOLUME = 4,
         YEAR = 1986,
         PAGES = "391--400")

@ARTICLE (BCK92,
         TITLE = "Over- and under-representation of short
  oligonucleotides in {DNA} sequences", 
         AUTHOR = "Burge, C. and Campbell, A.M. and Karlin, S. ",
         JOURNAL = PNAS,
         VOLUME = 89,
         YEAR = 1992,
         PAGES = "1358--1362")

@BOOK (BuA98,
         AUTHOR = "Burnham, K. P. and Anderson, R. A.",
         TITLE = "Model Selection and Inference: A Practical
         Information-Theoretic Approach",
         PUBLISHER = {Wiley: New-York} ,
         YEAR = 1998)     
        

@ARTICLE (Ben84,
         TITLE = "The occurrence of sequence patterns in ergodic
                  {M}arkov chains", 
         AUTHOR = "Benevento, R.",
         JOURNAL = SPA,
         VOLUME = 17,
         YEAR = 1984,
         PAGES = "369--373")

@BOOK (BHJ92,
         AUTHOR = "Barbour, A. D. and Holst, L. and Janson, S.",
         TITLE = "{P}oisson Approximation",
         PUBLISHER = {Oxford-University Press} ,
         YEAR = 1992)     
        
@BOOK (Bil68,
         AUTHOR = "Billingsley, P.",
         TITLE = "Convergence of Probability Measures",
         PUBLISHER = {Wiley: New-York},
         YEAR = 1968)
         
        
@BOOK (Buc90,
         AUTHOR = "Bucklew, J. A.",
         TITLE = "Large Deviation Techniques in Decision, Simulation,
  and Estimation",
         PUBLISHER = {Wiley} ,
         YEAR = 1990)
                 
@Article{BoK06,
   Author="Bohning, D.  and Kuhnert, R. ",
   Title="{{E}quivalence of truncated count mixture distributions and mixtures of truncated count distributions}",
   Journal="Biometrics",
   Year="2006",
   Volume="62",
   Pages="1207--1215",
   Month="Dec"
}

@Article{BaS01,
  author =  {Ball, F. and Stefanov, V.T.},
  title =  {Further approaches to computing fundamental characteristics of birth-death processes},
  journal =  JAP,
  year =  {2001},
  volume =  {38},
  pages =  {995--1005},
}

@ARTICLE (BrG96 ,
         TITLE = "{P}oisson approximation for point  processes via monotone coupling",
         AUTHOR = "Brown, T. C. and Greig, D.",
         JOURNAL = AAP,
         VOLUME = 6,
         YEAR = 1996,
         PAGES = "545--560")

@ARTICLE (BWZ85 ,
         TITLE = "Renewal theory for several patterns",
         AUTHOR = "Breen, S. and Waterman, M.~S. and Zhang, N.",
         JOURNAL = JAP,
         VOLUME = 22,
         YEAR = 1985,
         PAGES = "228--234")

@ARTICLE (Che75 ,
         TITLE = "{P}oisson approximation for dependent trials",
         AUTHOR = "Chen, L. H. Y.",
         JOURNAL = AP,
         VOLUME = 3,
         YEAR = 1975,
         PAGES = "534--545")

@ARTICLE (Che78 ,
         TITLE = "Two central limit problems for dependent random variables",
         AUTHOR = "Chen, L. H. Y.",
         JOURNAL = "Z. Wahrscheinlichkeitstheorie verw. Gebiete",
         VOLUME = 43,
         YEAR = 1978,
         PAGES = "223--243")

@ARTICLE (Chu89,
         TITLE = "Stochastic models for heterogeneous {DNA} sequences",
         AUTHOR = "Churchill, G. A.",
         JOURNAL = BMB,
         VOLUME = 51,
         YEAR = 1989,
         PAGES = "79--94")

@ARTICLE (Chu92,
         TITLE = "Hidden {M}arkov chains and the analysis of genome
  structure", 
         AUTHOR = "Churchill, G. A.",
         JOURNAL = CC,
         VOLUME = 16,
         YEAR = 1992,
         PAGES = "107--115")

@ARTICLE (ChP88a,
         TITLE = "A limit theorem for the number of non-overlapping
  occurrences of a pattern in a sequence of
  independent trials", 
         AUTHOR = "Chryssaphinou, O. and Papastavridis, S.",
         JOURNAL = JAP,
         VOLUME = 25,
         YEAR = 1988,
         PAGES = "428--431")

@ARTICLE (ChP88b,
         TITLE = "A limit theorem on the number of overlapping
  appearances of a pattern in a sequence of
  independent trials", 
         AUTHOR = "Chryssaphinou, O. and Papastavridis, S.",
         JOURNAL = PTRF,
         VOLUME = 79,
         YEAR = 1988,
         PAGES = "129--143")

@ARTICLE (ChP90,
         TITLE = "The occurrence of sequence patterns in repeated
dependent experiment",
         AUTHOR = "Chryssaphinou, O. and Papastavridis, S.",
         JOURNAL = TPA,
         VOLUME = 35,
         NUMBER = 1,
         YEAR = 1990,
         PAGES = "145-152")

@ARTICLE (CNB98,
        TITLE = "A five-nucleotide sequence protects {DNA} from
        exonucleolytic degradation by {A}dd{AB}, the {R}ec{BCD}
        analogue of \textsl{Bacillus subtilis\/}",
        AUTHOR = "Chedin, F. and Noirot, P. and Biaudet, V. and
        Ehrlich, S.D.",
        JOURNAL = "Mol. Microbiol.",
        VOLUME = 31,
        YEAR = 1998,
        PAGES = "1369--1377")


@ARTICLE (Cow91,
         TITLE = "Expected frequencies of {DNA} patterns using
  {W}hittle's formula", 
         AUTHOR = "Cowan, R.",
         JOURNAL = JAP,
         VOLUME = 28,
         YEAR = 1991,
         PAGES = "886--892")

@BOOK (DCD83,
         AUTHOR = "Dacunha-Castelle, D. and Duflo, M.",
         TITLE = "Probabilit\'es et Statistiques 2.{P}robl\`emes \`a
  temps mobile", 
         PUBLISHER = {Masson: Paris} ,
         YEAR = 1983)
         
        
@ARTICLE (DDL86,
         TITLE = "Exact convergence rate in the limit theorems of
                  {E}rd{\"o}s-{Ré}nyi and {S}hepp",
         AUTHOR = "Deheuvels, P. and Devroye, L. and Lynch, J.",
         JOURNAL = AP,
         VOLUME = 14,
         YEAR = 1986,
         PAGES = "209-223")

        
@ARTICLE (DeK92,
         TITLE = "{P}oisson approximations for $r$-scan processes",
         AUTHOR = "Dembo, A. and Karlin, S.",
         JOURNAL = AnAP,
         VOLUME = 2,
         NUMBER = 2,
         YEAR = 1992,
         PAGES = "329-357")

        
@BOOK (Duf90,
         AUTHOR = "Duflo, M.",
         TITLE = "M\'ethodes R\'ecursives Al\'eatoires",
         PUBLISHER = {Masson: Paris} ,
         YEAR = 1990)
         
        
@PHDTHESIS (Erh97,
         TITLE = "Compound {P}oisson approximation for {M}arkov chains",
         AUTHOR = "Erhardsson, T.",
         SCHOOL = "Royal Institute of Technology, Stockholm",
         YEAR = 1997)


@ARTICLE (Erh99,
         TITLE = "Compound {P}oisson approximation for {M}arkov chains 
                  using {S}tein's method", 
         AUTHOR = "Erhardsson, T.",
         JOURNAL = AP,
         VOLUME = 27,
         YEAR = 1999,
         PAGES = "565--596")

@UNPUBLISHED (Erh00,
         TITLE = "Compound {P}oisson approximation for counts of rare
                  patterns in {M}arkov chains and extreme sojourns in
                  birth-death chains",
         AUTHOR = "Erhardsson, T.",
         NOTE = "Preprint",
         YEAR = 2000)


@ARTICLE (ErR70,
         TITLE = "On a new law of large numbers", 
         AUTHOR = "Erd{\"o}s, P. and R{é}nyi, A.",
         JOURNAL = JAM,
         VOLUME = 23,
         YEAR = 1970,
         PAGES = "103--111")

@BOOK (Fel68,
         TITLE = "An Introduction to Probability Theory and its
                  Applications", 
         AUTHOR = "Feller, W.",
         PUBLISHER = {Wiley: New York} ,
         YEAR = 1968) 

@ARTICLE (FTW92,
         TITLE = "Base compositional structure of genomes",
         AUTHOR = "Fickett, J. W. and Torney, D. C. and Wolf, D. R.",
         JOURNAL = "Genomics",
         VOLUME = 13,
         YEAR = 1992,
         PAGES = "1056--1064")

@Article{FSY95,
  author =	 {Ferreira, ME and Satagopan, J. and Yandell, BS and
                  Williams, PH and Osborn, TC},
  title =	 {Mapping loci controlling vernalization requirement
                  and flowering time in Brassica napus},
  JOURNAL =	 {Theor. Appl. Genet.},
  FJOURNAL =	 {Theoretical Applied Genetics},
  year =	 1995,
  volume =	 90,
  pages =	 {727--732},
}
         
@ARTICLE (Fu93,
         TITLE = "{P}oisson convergence in reliability of a large linearly connected system as related to coin
  tossing", 
         AUTHOR = "Fu, J. C.",
         JOURNAL = SSI,
         VOLUME = 3,
         YEAR = 1993,
         PAGES = "261--275")

@Article{FKC09,
  author =  {Friguet, C. and Kloareg, M. and Causeur, D.},
  title =  {A Factor Model Approach to Multiple Testing Under Dependence},
  journal =  JASA,
  year =  {2009},
  volume =  {104},
  number =  {488},
  pages =  {1406--15},
}

@article{FCW43,
  title={{The relation between the number of species and the number of individuals in a random sample of an animal population}},
  author={Fisher, RA and Corbet, A.S. and Williams, CB},
  journal={J. Animal Ecol.},
  volume={12},
  number={1},
  pages={42--58},
  year={1943},
  publisher={British Ecological Society}
}

@Article{FSP03,
   Author="Falush, D.  and Stephens, M.  and Pritchard, J. K. ",
   Title="{{I}nference of population structure using multilocus genotype data: linked loci and correlated allele frequencies}",
   Journal="Genetics",
   Year="2003",
   Volume="164",
   Number="4",
   Pages="1567--1587",
   Month="Aug"
}

@Article{Fel81,
   Author="Felsenstein, J. ",
   Title="{{E}volutionary trees from {D}{N}{A} sequences: a maximum likelihood approach}",
   Journal="J. Mol. Evol.",
   Year="1981",
   Volume="17",
   Number="6",
   Pages="368--376"
}


@Article{Fu96,
  author = {Fu, J. C.},
  title = {Distribution of runs and patterns associated with a sequence of multi-state trials},
  journal =  SSI,
  year =  {1996},
  volume =  {6},
  pages =  {957--974}
}

@Article{FuK94,
  author =  {Fu, J. C. and Koutras, M. V.},
  title = {Distribution theory of runs: A {M}arkov chain approach},
  journal =  JASA,
  year =  {1994},
  volume =  {427},
  pages =  {1050--1058},
}


@Book{FuL03,
  author =  {Fu, J. C. and Lou, W. Y. W.},
  title = {Distribution theory of runs and patterns and its applications: A Finite {M}arkov Chain Imbedding Approach},
  publisher =  {World Scientific},
  year =  {2003}
}

@ARTICLE (GeL81,
         TITLE = "The occurrence of sequence patterns in repeated
                  experiments and hitting times in a {M}arkov chain",
         AUTHOR = "Gerber, H. U. and Li, S.-Y.",
         JOURNAL = SPA,
         VOLUME = 11,
         YEAR = 1981,
         PAGES = "101--108")

         
@BOOK (GeS96,
         TITLE = "{R'MES} : {R}echerche de Mots Exceptionnels dans les
  Séquences d'{ADN} -- Version 1", 
         AUTHOR = "Gélis, F. and Schbath, S.",
         YEAR = 1996,
         PUBLISHER = "Guide de l'utilisateur. INRA, Biom\'etrie",
         ADDRESS = "F78352 Jouy-en-Josas. \\
           (\texttt{http://www-bia.inra.fr/J/AB/genome/RMES/welcome.html})")
         
         
@ARTICLE (GGS95,
         TITLE = "Compound {P}oisson approximations for word patterns
  under {M}arkovian hypotheses",  
         AUTHOR = "Geske, M. X. and Godbole, A. P. and Schaffner,
  A. A. and Skolnick, A. M. and Wallstrom, G. L.",
         JOURNAL = JAP,
         VOLUME = 32,
         YEAR = 1995,
         PAGES = "877--892")

@ARTICLE (GKP92,
         TITLE = "Extendable words in nucleotide sequences",
         AUTHOR = "Gelfand,  M. S. and Kozhukhin, C. G. and Pevzner, P. A.",
         JOURNAL = CABIOS,
         VOLUME = 8,
         YEAR = 1992,
         PAGES = "129--135")

@Article{CDW89,
  author =  {Churchill, G. A. and Daniels, D. L. and Watermann, M. S.},
  title = {The distribution of restriction enzyme sites in {\it
  {E}scherichia coli}},
  journal =  {NAR},
  year =  {1989},
  volume =  {18},
  number =  {3},
  pages =  {589--597}
}

@TechReport{CMR14,
   author = {{Chiquet}, J. and {Mary-Huard}, T. and {Robin}, S.},
    title = "{Structured Regularization for conditional Gaussian Graphical Models}",
  journal = {ArXiv e-prints},
archivePrefix = "arXiv",
   page = {1403.6168},
 primaryClass = "stat.ME",
 keywords = {Statistics - Methodology},
     year = 2014,
    month = mar,
   adsurl = {http://adsabs.harvard.edu/abs/2014arXiv1403.6168C},
  adsnote = {Provided by the SAO/NASA Astrophysics Data System}
}


@article{ChS04,
year={2004},
issn={1085-7117},
journal={Journal of Agricultural, Biological, and Environmental Statistics},
volume={9},
issue={3},
doi={10.1198/108571104X3262},
title={Nonparametric prediction in species sampling},
url={http://dx.doi.org/10.1198/108571104X3262},
publisher={Springer-Verlag},
keywords={Discovery rates; Frequency counts; Species abundance; Species richness},
author={Chao, Anne and Shen, Tsung-Jen},
pages={253-269},
language={English}
}

@Book{GNW01,
  author =  {Glaz, J. and Naus, J. and Wallenstein, S.},
  title =  {Scan Statistics},
  publisher =  {Springer-Verlag: New-York},
  year =  {2001},
}

@ARTICLE (God91,
         TITLE = "{P}oisson approximations for runs and patterns of rare
  events", 
         AUTHOR = "Godbole, A. P.",
         JOURNAL = AdAP,
         VOLUME = 23,
         YEAR = 1991,
         PAGES = "851--865")

@INCOLLECTION (God94,
         TITLE = "Applications of the {C}hen-{S}tein method to the theory 
                  of patterns and runs: an annotated bibliography",
         AUTHOR = "Godbole, A.P.",
         BOOKTITLE = "Runs and Patterns in Probability",
         PUBLISHER = "Kluwer",
         YEAR = 1994,
         EDITOR = "A.P. Godbole and S.G. Papastavridis",
         PAGES = "253--261")

@ARTICLE (GoS93 ,
         TITLE = "Improved {P}oisson approximations for word patterns",
         AUTHOR = "Godbole, A. P. and Schaffner, A. A.",
         JOURNAL = AdAP,
         VOLUME = 25,
         YEAR = 1993,
         PAGES = "334--347")

@ARTICLE (GuO80,
         TITLE = "Long repetitive patterns in random sequences",
         AUTHOR = "Guibas, L. J. and Odlyzko, A. M.",
         JOURNAL = ZW,
         VOLUME = 53,
         YEAR = 1980,
         PAGES = "241--262")

@ARTICLE (GuO81a,
         TITLE = "Periods in strings",
         AUTHOR = "Guibas, L. J. and Odlyzko, A. M.",
         JOURNAL = JCTA,
         VOLUME = 30,
         YEAR = 1981,
         PAGES = "19--42")

@ARTICLE (GuO81b,
         TITLE = "String overlaps, pattern matching, and nontransitive games",
         AUTHOR = "Guibas, L. J. and Odlyzko, A. M.",
         JOURNAL = JCTA,
         VOLUME = 30,
         YEAR = 1981,
         PAGES = "183--208")

@Article{HDP10,
   Author="Hooper, S. D.  and Dalevi, D.  and Pati, A.  and Mavromatis, K.  and Ivanova, N. N.  and Kyrpides, N. C. ",
   Title="{{E}stimating {D}{N}{A} coverage and abundance in metagenomes using a {G}amma approximation}",
   Journal="Bioinformatics",
   Year="2010",
   Volume="26",
   Pages="295--301",
   Month="Feb"
}

@ARTICLE (HiA93 ,
         TITLE = "On number of occurrences of sucess runs of specified
  length in a two-state {M}arkov chain",
         AUTHOR = "Hirano, K. and Aki, S.",
         JOURNAL = SSI,
         VOLUME = 3,
         YEAR = 1993,
         PAGES = "313--320")

@ARTICLE (HRG96 ,
         TITLE = "Uneven distribution of GATC motifs in the {\sl
  Escherichia coli} chromosome, its plasmids and its
  phagesOn number of occurrences of sucess runs of
  specified length in a two-state {M}arkov chain",
         AUTHOR = "Henaut, A. and Rouxel, T. and Gleizes A. and Moszer, I.",
         JOURNAL = JMB,
         VOLUME = 257,
         YEAR = 1996,
         PAGES = "574--585")

@ARTICLE (Jan84 ,
         TITLE = "Bounds on the distributions of extremal values of a scanning process",
         AUTHOR = "Janson, S.",
         JOURNAL = SPA,
         VOLUME = 18,
         YEAR = 1984,
         PAGES = "313--328")

@BOOK (JKK92,
         AUTHOR = "Johnson, N. L. and Kotz, S. and Kemp, A. W.",
         TITLE = "Univariate Discrete Distributions",
         PUBLISHER = {Wiley: New-York},
         YEAR = 1992)                 

@ARTICLE (KaA90,
         TITLE = "Methods for assessing the statistical significance
  of molecular sequence features by using general
  scoring schemes", 
         AUTHOR = "Karlin, S. and Altschul, S. F.",
         JOURNAL = PNAS,
         VOLUME = 87,
         YEAR = 1990,
         PAGES = "2264--2268")

@ARTICLE (KaM91,
         TITLE = "Some statistical problems in the assessment of
  inhomogeneities of {DNA} sequence data", 
         AUTHOR = "Karlin, S. and Macken, C.",
         JOURNAL = JASA,
         VOLUME = 86,
         YEAR = 1991,
         PAGES = "27--35")

@ARTICLE (KaO87 ,
         TITLE = "Counts of long aligned word matches among random
  letter sequences",
         AUTHOR = "Karlin, S. and Ost, F.",
         JOURNAL = AP,
         VOLUME = 19,
         YEAR = 1987,
         PAGES = "293--351")

@ARTICLE (KaO88,
         TITLE = "Maximal length of common words among random letter
  sequences", 
         AUTHOR = "Karlin, S. and Ost, F.",
         JOURNAL = AP,
         VOLUME = 16,
         YEAR = 1988,
         PAGES = "535--563")

@BOOK (KaT75,
         AUTHOR = "Karlin, S. and Taylor, H. M.",
         TITLE = "A First Course in Stochastic Processes",
         PUBLISHER = {Academic Press: New-York},
         YEAR = 1975)                 

@BOOK (KaT81,
         AUTHOR = "Karlin, S. and Taylor, H. M.",
         TITLE = "A Second Course in Stochastic Processes",
         PUBLISHER = {Academic Press: New-York},
         YEAR = 1981)


@Book{Kij97,
  author =  {Kijima, M.},
  title =  {Markov processes for stochastic modeling},
  publisher =  {Chapman and Hall, London},
  year =  {1997}
}

@ARTICLE(KCC00,
  author =       "Klaerr-Blanchard, M. and Chiapello, H. and
                   Coward, E.",
  title =        "Detecting localized repeats in genomic sequences: A new
                  strategy and its application to {{\em {B}.\ subtilis}}
                  and {{\em A.\ thaliana}} sequences",
  journal =      CC,
  year =         2000,
  volume =       24,
  number =       1,
  pages =        "57--70")                 

@ARTICLE (KlB92,
         TITLE = "First and second moment of counts of words in random
  texts generated by {M}arkov chains", 
         AUTHOR = "Kleffe, J. and Borodovsky, M.",
         JOURNAL = CABIOS,
         VOLUME = 8,
         YEAR = 1992,
         PAGES = "433--441")


@ARTICLE (KBC92,
         TITLE = "Statistical analyses of counts and distributions of
  restriction sites in {DNA} sequences",
         AUTHOR = "Karlin, S. and Burge, C. and Campbell, A. M.",
         JOURNAL = NAR,
         VOLUME = 20,
         YEAR = 1992,
         PAGES = "1363--1370")

@BOOK{Kin93,
      title = "{P}oisson Processes",
      author = "J. F. C. Kingman",
      publisher = "Oxford University Press", 
      collection = "Oxford Studies in Probability", 
      year = {1993}
}
@ARTICLE (KlG93,
         TITLE = "The joint distribution of patterns in random
  sequences with application to the {RC-}measure for
  expressivity", 
         AUTHOR = "Kleffe, J. and Grau, E",
         JOURNAL = CABIOS,
         VOLUME = 9,
         YEAR = 1993,
         PAGES = "275--283")

@INCOLLECTION (Kou97,
         TITLE = "Waiting times and number of appearances of events in a
sequence of discrete random variables",
         AUTHOR = {Koutras, M.V.},
         BOOKTITLE = "Advances in Combinatorial Methods and Applications to
Probability and Statistics",
         PUBLISHER = "Birkhauser",
         YEAR = 1997,
         EDITOR = "Balakrishnan, N.",
         PAGES = "253--261",
         series = {Statistics and Industry and Technology Series},
         address = {Boston}
)

@Article{KTK02,
  author =	 {Kole, C and Thorman, CE and Karlsson, BH and Palta,
                  JP and Gaffney, P and Yandell, BS and Osborn, TC},
  title =	 {Comparative mapping of loci controlling winter
                  survival and related traits in oilseed Brassica rapa
                  and {B.} napus},
  journal =	 {Mol. Breed.},
  fjournal =	 {Molecular Breeding},
  year =	 2002,
  volume =	 1,
  pages =	 {201--210},
}


@Article{KoA97,
  author =  {Koutras, M.V. and Alexandrou, V.A.},
  title =  {Sooner waiting time problems in a sequence of trinary trials},
  journal =  JAP,
  year =  {1997},
  volume =  {34},
  pages =  {593--609}
}

@ARTICLE (KoP91,
         TITLE = "Genome inhomogeneity is determined mainly by {WW}
  and {SS} dinucleotides", 
         AUTHOR = "Kozhukhin, C. G. and Pevzner, P. A.",
         JOURNAL = CABIOS,
         VOLUME = 7,
         YEAR = 1991,
         PAGES = "39--49")

@ARTICLE (Kus82,
         TITLE = "Longest runs in {M}arkov chains", 
         AUTHOR = "Kusolitsch, N.",
         JOURNAL = PSI,
         YEAR = 1982,
         PAGES = "223--230")

@Article{LGL12,
AUTHOR = {Lajoie, Mathieu and Gascuel, Olivier and Lefort, Vincent and Brehelin, Laurent},
TITLE = {Computational discovery of regulatory elements in a continuous expression space},
FJOURNAL = {Genome Biology},
JOURNAL = {Genome Biology},
VOLUME = {13},
YEAR = {2012},
NUMBER = {11},
DOI = {10.1186/gb-2012-13-11-r109},
PubMedID = {23186104},
ISSN = {1465-6906},
}


@InProceedings{LeR04,
  author =  {Ledent, S. and Robin, S.},
  title =  {Checking homogeneity of patterns distribution in
  heterogeneous sequences},
  booktitle =  {Recomb},
  pages =  {107--114},
  year =  {2004},
  address =  {San Diego}
}

@Article{LDR12,
author = {Li-Thiao-T\'e, S\'ebastien and Daudin, Jean-Jacques and Robin, St\'ephane},
title = {Bayesian model averaging for estimating the number of classes: applications to the total number of species in metagenomics},
journal = {Journal of Applied Statistics},
volume = {39},
number = {7},
pages = {1489-1504},
year = {2012},
doi = {10.1080/02664763.2012.658358},

URL = {http://www.tandfonline.com/doi/abs/10.1080/02664763.2012.658358},
eprint = {http://www.tandfonline.com/doi/pdf/10.1080/02664763.2012.658358}
}



@Article{LeR05,
  author =  {Ledent, S. and Robin, S.},
  title =  {Checking homogeneity of patterns distribution in
  heterogeneous sequences},
  journal =  JCB,
  year =  {2005},
  volume =  {12},
  number =  {6-7},
  pages =  {672--685},
}

@ARTICLE (Li80,
         TITLE = "A martingale approach to the study of occurrence of
                  sequences patterns in repeated experiments", 
         AUTHOR = "Li, S.",
         JOURNAL = AP,
         YEAR = 1980,
         VOLUME = 8,
         PAGES = "1171--1176")

@BOOK (Lot83,
         AUTHOR = "Lothaire, M.",
         TITLE = "Combinatorics on Words",
         PUBLISHER = {Addison-Wesley} ,
         YEAR = 1983)
         
        
@ARTICLE (Lot92,  
         TITLE = "{mRNA} periodical infrastructure complementary to 
                  the proof-reading site in the ribosome",       
         AUTHOR = "Lagunez-Otero, J. and Trifonov, E. N.",
         JOURNAL = JBSD,
         VOLUME = 10,
         YEAR = 1992,
         PAGES = "455--464")

@PHDTHESIS (Lun90,
         TITLE = "Stochastic models and statistical methods for {DNA}
                  sequence data",
         AUTHOR = "Lundstrom, R.",
         SCHOOL = "University of Utah",
         YEAR = 1990)


@BOOK (MeT93,
         AUTHOR = "Meyn, S. P. and Tweedie, R. L.",
         TITLE = "{M}arkov Chains and Stochastic Stability",
         PUBLISHER = {Springer-Verlag: New-York} ,
         YEAR = 1993)

@Article{Mor89,
  author =  {Mori, T.F.},
  title =  {On the number of different patterns preceding a given one},
  journal =  "Studia. Sci. Math. Hung.",
  year =  {1989},
  volume =  {24},
  pages =  {355--364}
}

@Article{Mor91,
  author =  {Mori, T.F.},
  title =  {On the waiting time til each of some given patterns occurs as a run},
  journal =  PTRF,
  year =  {1991},
  volume =  {67},
  pages =  {313--323}
}

@ARTICLE (MRV91,
         TITLE = "Evidence for horizontal gene transfer in
  {E}scherichia coli speciation", 
         AUTHOR = "M\'edigue, C. and Rouxel, T. and Vigier, P. and
  H\'enaut, A. and Danchin, A.", 
         JOURNAL = JMB,
         VOLUME = 222,
         YEAR = 1991,
         PAGES = "851--856")

@Article{NBM02,
  author = {Nicolas, P. and Bize, L. and Muri, F. and Hoebeke, M. and
  Rodolphe, F. and Ehrlich, S.D. and Prum,B. and Bessi\`eres, P.},
  title = {Mining {\it Bacillus Subtilis} chromosome heterogeneities
  using hidden {M}arkov models},
  journal =  NAR,
  year =  {2002},
  volume =  {30},
  pages =  {1418--1426}
}

@PhdThesis{Nic03,
 author = {Nicolas, P.},
 title = {Mise au point et utilisation de mod`eles de cha\^ines de {M}arkov cach\'es pour l'\'etude des s\'equences d'{ADN}},
 school = {univ. Evry},
 year = {2003},
}

@ARTICLE (NeK82,
         TITLE = "On the longest run of coincidences", 
         AUTHOR = "Nemetz, T. and Kusolitsch, N.",
         JOURNAL = ZW,
         VOLUME = 61,
         YEAR = 1982,
         PAGES = "59--73")

@ARTICLE (Nov94,
         TITLE = "{P}oisson approximation for the number of long match patterns
                  in a random sequences",
         AUTHOR = "Novak, S. Y.",
         JOURNAL = TPA,
         VOLUME = 39,
         YEAR = 1994,
         PAGES = "--")

@Article{NoP98,
  author =  {Norris, J. L. III and Pollock, K. H.},
  title =  {Non-parametric {MLE} for Poisson species abundance models allowing for heterogeneity between species},
  journal =  {Envir. Ecol. Statist.},
  year =  {1998},
  volume =  {5},
  pages =  {391--402},
}

@ARTICLE (Nov95,
         TITLE = "Long match patterns in random sequences",
         AUTHOR = "Novak, S. Y.",
         JOURNAL = "Siberian Adv. Math.",
         VOLUME = 5,
         YEAR = 1995,
         PAGES = "128--140")

@PhdThesis{Nue01,
  author =  {G. Nuel},
  title = {Grandes déviations et chaînes de {M}arkov pour l'étude des
  occurrences de mots dans les séquences biologiques},
  school =  {Université d'Évry Val d'Essonne},
  year =  {2001},
}

@Article{Nue06a,
  author =  {G. Nuel},
  title =  {Effective p-value computations using Finite {M}arkov Chain Imbedding 
                  (FMCI): application to local score and to pattern statistic},
  journal =  {Algo. Mol. Biol.},
  year =  {2006},
  volume =  {1},
  number =  {5},
  pages =  {1--14},
  note =  {{\tt doi:10.1186/1748-7188-1-5}},
}

@Article{Nue06b,
  author =  {G. Nuel},
  title =  {Pattern statistics on {M}arkov chains and sensitivity to parameter 
                  estimation},
  journal =  {Algo. Mol. Biol.},
  year =  {2006},
  volume =  {1},
  number =  {17},
  pages =  {1--13},
  note =  {{\tt doi:10.1186/1748-7188-1-17}},
}

@ARTICLE (Nus81,
         TITLE = "The universal dinucleotide asymmetry rules in {DNA}
  and the amino acid codon choice", 
         AUTHOR = "Nussinov, R.",
         JOURNAL = JME,
         VOLUME = 17,
         YEAR = 1981,
         PAGES = "237--244")

@book{Octave2,
  title =  "GNU Octave (Version 2.0.14)",
  author =  "Eaton, E. A.",
  address =  {{\tt http://www.octave.org}},
  year =  1999
}

@ARTICLE (Pev92,
         TITLE = "Nucleotide sequences versus {M}arkov models",
         AUTHOR = "Pevzner, P. A.",
         JOURNAL = CC,
         VOLUME = 16,
         YEAR = 1992,
         PAGES = "103--106")

@ARTICLE (Pek96,
         TITLE = "Stein's method for geometric approximation", 
         AUTHOR = "Pekoz, E. A.",
         JOURNAL = JAP,
         VOLUME = 33,
         YEAR = 1996,
         PAGES = "707--713")

@ARTICLE (PBM89a,
         TITLE = "Linguistics of nucleotides sequences {I:} {T}he
  significance of deviations from mean statistical
  characteristics and prediction of the frequencies of
  occurrence of words", 
         AUTHOR = "Pevzner, P. A. and Borodovsky, M. Y. and Mironov, A. A.",
         JOURNAL = JBSD,
         VOLUME = 6,
         YEAR = 1989,
         PAGES = "1013--1026")

@ARTICLE (PBM89b ,
         TITLE = "Linguistics of nucleotides sequences {II:}
  {S}tationary words in genetic texts and the zonal
  structure of {DNA}", 
         AUTHOR = "Pevzner, P. A. and Borodovsky, M. Y. and Mironov, A. A.",
         JOURNAL = JBSD,
         VOLUME = 6,
         YEAR = 1989,
         PAGES = "1027--1038")

@ARTICLE (PAI87a ,
         TITLE = "The effect of codon usage on the oligonucleotide
  composition of the {\it {E}. coli} genome and
  identification of over- and underrepresented
  sequences by {M}arkov chain analysis",
         AUTHOR = "Phillips, G. J. and Arnold, J. and Ivarie, R.",
         JOURNAL = NAR,
         VOLUME = 15,
         YEAR = 1987,
         PAGES = "2627--2638")

@ARTICLE (PAI87b ,
         TITLE = "Mono- through hexanucleotide composition of the {\sl
  {E}scherichia coli} genome : a {M}arkov chain analysis",
         AUTHOR = "Phillips, G. J. and Arnold, J. and Ivarie, R.",
         JOURNAL = NAR,
         VOLUME = 15,
         YEAR = 1987,
         PAGES = "2611--2626")

@ARTICLE (PGP83,
         TITLE = "A generalized geometric distribution and some of its properties",
         AUTHOR = "Philippou, A. N. and Georghiou, C. and Philippou, G. N.",
         JOURNAL = SPL,
         VOLUME = 1,
         YEAR = 1983,
         PAGES = "171--175")

@ARTICLE (PHT90,
         TITLE = "Linguistic measure of taxonomic and functional
  relatedness of nucleotides sequences", 
         AUTHOR = "Pietrokovsky, S. and Hirshon, J. and Trifonov, E. N.",
         JOURNAL = JBSD,
         VOLUME = 7,
         YEAR = 1990,
         PAGES = "1251--1268")

@ARTICLE (PiT92,
         TITLE = "Imported sequences in the mitochondrial yeast genome
  identified by nucleotide linguistics", 
         AUTHOR = "Pietrokovski, S. and Trifonov, E. N.",
         JOURNAL = "Gene",
         VOLUME = 122,
         YEAR = 1992,
         PAGES = "129--137")

@ARTICLE (PRT95,
         TITLE = "Finding words with unexpected frequencies in {DNA}
  sequences",  
         AUTHOR = "Prum, B. and Rodolphe, F. and de~Turckheim, E.",
         JOURNAL = JRSSB,
         VOLUME = 57,
         YEAR = 1995,
         PAGES = "205--220")

@ARTICLE (Raf85,
         TITLE = "A model for high-order {M}arkov chains",
         AUTHOR = "Raftery, Adrian E.",
         JOURNAL = JRSSB,
         VOLUME = 47,
         YEAR = 1985,
         PAGES = "528--539")

@ARTICLE (Raj74,
         TITLE = "Success runs in a two-state {M}arkov chain",
         AUTHOR = "Rajarshi, M. B.",
         JOURNAL = JAP,
         VOLUME = 11,
         YEAR = 1974,
         PAGES = "190--192")

@Article{RaR03,
  author =  {Rahman, S. and Rivals, E.},
  title =  {On the Distribution of the Number of Missing Words in Random Texts},
  journal =  {Combin. Proba. Comput.},
  year =  {2003},
  volume =  {12},
  number =  {1},
  pages =  {63--73},
}

@ARTICLE (RaT94,
         TITLE = "Estimation and modelling repeated patterns in high
  order {M}arkov chains with the {M}ixture {T}ransition
  {D}istribution {M}odel",
         AUTHOR = " Raftery, Adrian and Tavaré, Simon",
         JOURNAL = ApS,
         VOLUME = 43,
         YEAR = 1994,
         PAGES =   "179-199")

@Article{RDR02,
  author = {Robin, S. and Daudin, J.-J. and Richard, H. and Sagot,
  M.-F. and Schbath, S.},
  title = {Occurrence probability of structured motifs in random
  sequences},
  journal =  JCB,
  year =  2002,
  volume =       9,
  pages =  "761-773"}

@UNPUBLISHED(Reg99,
        TITLE = "A unified approach to word occurrence probabilities",
        AUTHOR = "Régnier, M.",
        YEAR = 1999,
        NOTE = "Discrete Applied Mathematics, Special Issue on
                Computational Biology, ({\it to appear, preliminary
                version at RECOMB'98})")

@ARTICLE (Reg00,
        TITLE = "A unified approach to word occurrence probabilities",
        AUTHOR = "Régnier, M.",
        JOURNAL = "Discrete Applied Mathematics",
        VOLUME = 104,
        YEAR = 2000,
        PAGES =   "259-280")

@UNPUBLISHED(ReS96,
TITLE = "A last word on frequency of pattern occurrences in a
                  {M}arkovian sequence",
      AUTHOR = "Régnier, M. and Szpankowski, W.",
        YEAR = 1996,
        NOTE = "{\it Submitted}")
% Submmitted to IEEE Transactions on Information Theory }")


@UNPUBLISHED(ReS97,
TITLE = "On pattern frequency occurences in a markovian sequence",
      AUTHOR = "Régnier, M. and Szpankowski, W.",
        YEAR = 1997,
        NOTE = "Purdue University, CSD-TR-96-043; preliminary draft at
  ISIT'97; {\it Submitted}.")


@ARTICLE(ReS98,
TITLE = "Compound {P}oisson and {P}oisson process approximations for 
                 occurrences of multiple words in {M}arkov chains",
      AUTHOR = "Reinert, G. and Schbath, S.",
        JOURNAL = JCB,
        VOLUME = 5,
        YEAR = 1998,
        PAGES = "223-253")

@ARTICLE (Rob02,
         TITLE = "A compound {P}oisson model for words occurrences in
         {DNA} sequences",
         AUTHOR = "Robin, S.",
         JOURNAL = JRSSC,
         year = 2002,
         volume = 51,
         PAGES =   "437--451")

@ARTICLE (RoD99,
         TITLE = "Exact distribution of word occurrences in a random
                  sequence of letters",
         AUTHOR = "Robin, S. and Daudin, J.-J.",
         JOURNAL = JAP,
         VOLUME = 36,
         YEAR = 1999,
         PAGES =   "179--193")

@ARTICLE (RoD01, 
         TITLE = "Exact distribution of the distances between 
                  any occurrences of a set of words",
         AUTHOR = "Robin, S. and Daudin, J.-J.", 
         JOURNAL = AISM,
         VOLUME = 36,
         NUMBER = 4,
         YEAR = 2001, 
         PAGES = "895--905")


@INPROCEEDINGS(RoS00a, 
TITLE = "Comparaison de différentes approximations de la loi du comptage d'un mot",
AUTHOR = "Robin, S. and Schbath, S.",
YEAR = 2000,
BOOKTITLE = "JOBIM Conference",
        ADDRESS = "Montpellier, France")

@ARTICLE (RoS00b, 
TITLE = "Numerical comparison of several approximations of the
word count distribution in random sequences",
AUTHOR = "Robin, S. and Schbath, S.",
        JOURNAL = JCB,
        YEAR = 2000, 
        PAGES = "{\it submitted}")

@ARTICLE (RoS01, 
TITLE = "Numerical comparison of several approximations of the
word count distribution in random sequences",
AUTHOR = "Robin, S. and Schbath, S.",
        JOURNAL = JCB,
        YEAR = 2001, 
        VOLUME = 8,
        Number = 4,
        PAGES = "349--359")

@ARTICLE (Roo94,
         TITLE = "Stein's method for compound {P}oisson approximation
  : the local approach",
         AUTHOR = "Roos, M.",
         JOURNAL = AAP,
         VOLUME = 4,
         YEAR = 1994,
         PAGES =   "1177--1187")

@UNPUBLISHED(RoS96,
         TITLE = "Compound {P}oisson approximation of the number of visits
                  to a small set in a {M}arkov chain",
 AUTHOR = " Roos, M. and Stark, D.",
         YEAR = 1996,
         NOTE = "Preprint")


@UNPUBLISHED(RoS99,
         TITLE = "{P}oisson approximation for mixing sequences using coupling",
 AUTHOR = " Roos, M. and Stark, D.",
         YEAR = 1999,
         NOTE = "Preprint")

@Book{RRS03,
  author =  {Robin, s. and Rodolphe, F. and Schbath, S.},
  title =  {ADN, mots et modèles},
  publisher =  {Belin},
  year =  {2003},
  address =  {Paris}
}



@Article{RSV07,
  author =  {S. Robin and S. Schbath and V. Vandewalle},
  title =  {Statistical tests to compare motif count exceptionalities},
  journal =  {BMC Bioinformatics},
  year =  {2007},
  volume =  {8},
  number =  {84},
  pages =  {1--15},
  note =  {{\tt doi:10.1186/1471-2105-8-84}},
}

@Book{RRS05,
  author =  {Robin, S. and Rodolphe, F. and Schbath, S.},
  title =  {DNA, words and models},
  publisher =  {Cambridge University Press},
  year =  {2005},
  OPTkey =  {},
  OPTvolume =  {},
  OPTnumber =  {},
  OPTseries =  {},
  OPTaddress =  {},
  OPTedition =  {},
  OPTmonth =  {},
  OPTnote =  {},
  OPTannote =  {}
}

@ARTICLE (RSW00,
         TITLE = "Probabilistic and statistical properties of words",
         AUTHOR = "Reinert, G. and Schbath, S. and Waterman, M.S.",
         YEAR = 2000,
        JOURNAL = JCB,
        VOLUME = 7,
        PAGES = "1--46.")

@PHDTHESIS (Rud96,
         TITLE = "On the first occurrence of a given pattern in a
                  semi-{M}arkov process",
         AUTHOR = " Rudander, J.",
         SCHOOL = "University of Uppsala",
         YEAR = 1996)


@ARTICLE (RVD98,
         TITLE = " Oligonucleotide bias in {\it Bacillus subtilis}: 
                   general trends and taxonomic comparisons",
         AUTHOR = " Rocha, E.P.C. and Viari, A. and Danchin, A.",
         JOURNAL = NAR,
         VOLUME = 26,
         YEAR = 1998,
         PAGES =   "2971-2980")


@ARTICLE (Sam81,
         TITLE = "On the length of the longest head run for a {M}arkov
                  chain with two states",
         AUTHOR = " Samarova, S.",
         JOURNAL = TPA,
         VOLUME = 26,
         YEAR = 1981,
         PAGES =   "498-509")


@ARTICLE (SBK98,
        TITLE = "Identification of the {C}hi site of
        \textsl{Haemophilus influenzae\/} as several sequences related
        to the \textsl{Escherichia coli\/} {C}hi site",
        AUTHOR = "Sourice, S. and Biaudet, V. and El Karoui, M. and
        Ehrlich, S.D. and Gruss, A.",
        JOURNAL = "Mol. Microbiol.",
        VOLUME = 27,
        YEAR = 1998,
        PAGES = "1021--1029")


@ARTICLE(Sch95a,
TITLE = "Compound {P}oisson approximation of word counts in {DNA}
  sequences ",
AUTHOR = "Schbath, S.",
        JOURNAL = ESAIM,
        VOLUME = 1,
YEAR = 1995,
PAGES = "1--16. (\texttt{http://www.emath.fr/ps/})")


@PHDTHESIS (Sch95b,
         AUTHOR = "Schbath, S. ",
         TITLE = "{É}tude asymptotique du nombre d'occurrences d'un
  mot dans une chaîne de {M}arkov et application à la
  recherche de mots de fréquence exceptionnelle dans
  les séquences d'{ADN}",
         SCHOOL = "Université René Descartes, Paris V",
         YEAR = 1995)

@TECHREPORT(Sch96,
TITLE = "Using non-homogeneous processes in physical mapping
                 by anchoring random clones: {M}athematical analysis 
                 and application to hotspots",
AUTHOR = "Schbath, S.",
        YEAR = 1996,
        INSTITUTION = "Center for Applied and Mathematical Sciences, 
                       University of Southern California, Los Angeles",
        NUMBER = "96-6")

@ARTICLE(Sch97,
TITLE = "Coverage processes in physical mapping by anchoring
                 random clones",
AUTHOR = "Schbath, S.",
        JOURNAL = JCB,
        VOLUME = 4,
YEAR = 1997,
PAGES = "61--82.")

@ARTICLE(Sch97b,
TITLE = "An efficient statistic to detect over- and under-represented 
                 words in {DNA} sequences",
AUTHOR = "Schbath, S.",
        JOURNAL = JCB,
        VOLUME = 4,
YEAR = 1997,
PAGES = "61--82.")


@INPROCEEDINGS(Sch97c,
TITLE = "{\it R'MES}: Software to detect {E}xceptional {M}otifs in
                  {DNA} {S}equences",
AUTHOR = "Schbath, S.",
YEAR = 1997,
BOOKTITLE = "Mathematical Analysis of Biological Sequences",
        ADDRESS = "Université de Rouen, France")


@INPROCEEDINGS(Sch97d,
TITLE = "Approximation of word counts in {M}arkov chains",
AUTHOR = "Schbath, S.",
YEAR = 1997,
BOOKTITLE = "Mathematical Analysis of Biological Sequences",
        ADDRESS = "Université de Rouen, France")

@ARTICLE(Sch00,
        TITLE = "An overview on the distribution of word counts in 
                {M}arkov chains",
        AUTHOR = "Schbath, S.",
        YEAR = 2000,
        JOURNAL = JCB,
        VOLUME = 7,
        PAGES = "193--201.")

@ARTICLE (Sch83,
         TITLE = "Run probabilities in sequences of {M}arkov-dependent trials", 
         AUTHOR = "Schwager",
         JOURNAL = JASA,
         VOLUME = 78,
         YEAR = 1983,
         PAGES = "168--175")

@ARTICLE (Sen90,
         TITLE = "Statistique asymptotique presque-s\^ure de modèles
  statistiques convexes",
         AUTHOR = "Senoussi, R.",
         JOURNAL = AIHP,
         VOLUME = 26,
         YEAR = 1990,
         PAGES = "19--44")

@ARTICLE (She81,
         TITLE = "Method to determine the reading frame of a protein
  from the purine/pyrimidine genome sequence and its
  possible evolutionary justification", 
         AUTHOR = "Shepherd, J. C. W.",
         JOURNAL = PNAS,
         VOLUME = 78,
         YEAR = 1981,
         PAGES = "1596--1600")

@ARTICLE (SPT95,
TITLE = "Exceptional motifs in different {M}arkov chain models
  for a statistical analysis of {DNA} sequences ",
AUTHOR = "Schbath, S. and Prum, B. and Turckheim, {É.~de} ",
        JOURNAL = JCB,
        VOLUME = 2,
YEAR = 1995,
PAGES = "417--437")

@Manual{Sha13,
  title = {MotifDb: An Annotated Collection of Protein-DNA Binding Sequence Motifs},
  author = {Paul Shannon},
  year = {2013},
  note = {R package version 1.4.0},
}




@article{SRS07,
  author =  {Stefanov, V. T. and Robin, S. and Schbath, S.},
  title =  {Waiting times for  clumps of patterns and for structured
  motifs in random sequences},
  journal =  {Discrete Appl. Math.},
  pages =        {868--80},
  number =       {155},
  year =  {2007},
}

@article{SRS11,
title = "Occurrence of structured motifs in random sequences: Arbitrary number of boxes",
journal = "Discrete Applied Mathematics",
volume = "159",
number = "8",
pages = "826 - 831",
year = "2011",
note = "",
issn = "0166-218X",
doi = "10.1016/j.dam.2010.12.023",
url = "http://www.sciencedirect.com/science/article/pii/S0166218X10004427",
author = "Valeri T. Stefanov and Stéphane Robin and Sophie Schbath",
keywords = "Pattern",
keywords = "Structured motif",
keywords = "Semi-Markov process",
keywords = "Probability generating function",
keywords = "DNA sequence"
}


@ARTICLE (Ste72,
         TITLE = "A bound for the error in the normal approximation to
  the distribution of a sum of dependent random
  variables", 
         AUTHOR = "Stein, C.",
         JOURNAL = "Proc. 6th Berkeley Sympos. Math. Statist. Probab.",
         VOLUME = 2,
         YEAR = 1972,
         PAGES = "583--602")

@ARTICLE (StP97,
         TITLE = "Explicit distributional results in pattern formation",
         AUTHOR = "Stefanov, V. T. and Pakes, A. G.",
         JOURNAL = AAP,
         VOLUME = 7,
         YEAR = 1997,
         PAGES = "666--678")

@ARTICLE (SEG90,
         TITLE = "Statistical analysis of nucleotide sequences",
         AUTHOR = "St\H{u}ckle, E. E. and Emmrich, C. and Grob, U. and
  Nielsen, P. J.", 
         JOURNAL = NAR,
         VOLUME = 18,
         YEAR = 1990,
         PAGES = "6641--6647")       

@ARTICLE{TML09,
  author = {Tap, J. and Mondot, S. and Levenez, F. and Pelletier, E. and Caron,
    C. and Furet, J.P. and Ugarte, E. and Mu{\~n}oz-Tamayo, R. and Paslier,
    D.L.E. and Nalin, R. and others},
  title = {{Towards the human intestinal microbiota phylogenetic core}},
  journal = {Environmental Microbiology},
  year = {2009},
  volume = {11},
  pages = {2574--2584},
  number = {10},
  publisher = {John Wiley \& Sons}
}

@ARTICLE (TaA97,
         TITLE = "Central limit theorem for renewal theory for several
                  patterns",
         AUTHOR = "Tanushev, M. S. and Arratia, R.", 
         JOURNAL = JCB,
         VOLUME = 4,
         YEAR = 1997,
         PAGES = "35--44")       



@UNPUBLISHED(Tan96,
TITLE = "Central limit theorem for several patterns in a {M}arkov 
                 chain sequence of letters.", 
AUTHOR = "Tanushev, M. S.",
        YEAR = 1996,
        NOTE = "Preprint")


@ARTICLE (Tho83,
         TITLE = "On the mean number of trials until the last trials
                  satisfy a given condition", 
         AUTHOR = "Thorburn, D.",
         JOURNAL = SPA,
         VOLUME = 16,
         YEAR = 1983,
         PAGES = "211--217")

@ARTICLE (Tri87,
         TITLE = "Translation framing code and frame-monitoring
  mechanism as suggested by the analysis of {mRNA} and
  16{S} {rRNA} nucleotide sequences", 
         AUTHOR = "Trifonov, E. N.", 
         JOURNAL = JMB,
         VOLUME = 194,
         YEAR = 1987,
         PAGES = "643--652")
     
@ARTICLE (Tri89,
         TITLE = "The multiple codes of nucleotide sequences",
         AUTHOR = "Trifonov, E. N.",
         JOURNAL = BMB,
         VOLUME = 51,
         YEAR = 1989,
         PAGES = "417--432")

@ARTICLE (Tri92,
         TITLE = "Recognition of correct reading frame by the ribosome",
         AUTHOR = "Trifonov, E. N.",
         JOURNAL = "Biochimie",
         VOLUME = 74,
         YEAR = 1992,
         PAGES = "357--362")

@ARTICLE{Tib96,
  author =	 {Tibshirani, R.},
  title =	 {Regression Shrinkage and Selection Via the Lasso},
  JOURNAL =	 {J. R. Statist. Soc. B},
  FJOURNAL =	 {Journal of the Royal Statistical Society: Series B},
  year =	 1996,
  volume =	 58,
  pages =	 {267--288}
}


@Article{UcA95,
  author =  {Uchida, M. and Aki, S.},
  title =  {Sooner or later waiting time problems in a two-state {M}arkov chain},
  journal =  AISM,
  year =  {1995},
  volume =  {47},
  pages =  {415--433}
}


@MastersThesis{Van05,
  author =  {Vandewalle, V.},
  title = {Etude de motifs dans les s\'equences d'{ADN}~: comparaison
  d'exceptionnalit\'es},
  school =  {Institut National Agronomique Paris-Grignon},
  year =  {2005},
}

@BOOK (Wat89,
         AUTHOR = "Waterman, M. S.",
         TITLE = "Mathematical Methods for {DNA} Sequences",
         PUBLISHER = {CRC Press} ,
         YEAR = 1989)

@BOOK (Wat95,
         AUTHOR = "Waterman, M. S.",
         TITLE = "Introduction to Computational Biology",
         PUBLISHER = {Chapman \& Hall} ,
         YEAR = 1995)

@ARTICLE (Whi55,
         TITLE = "Some distribution and moment formulae for the
  {M}arkov chain", 
         AUTHOR = "Whittle, P.",
         JOURNAL = JRSSB,
         VOLUME = 17,
         YEAR = 1955,
         PAGES = "235--242")

@ARTICLE (YoO89,
         TITLE = "Concordant evolution of coding and noncoding regions
  of {DNA} made possible by the universal rule of
  {TA/CG} deficiency-{TG/CT} excess", 
         AUTHOR = "Yomo, T. and Ohno, S.",
         JOURNAL = PNAS,
         VOLUME = 86,
         YEAR = 1989,
         PAGES = "8452--8456")


%%%%%%%%%%%%%%%%%%%%%%%%%%%%%%%%%%%%%%%%%%%%%%%%%%%%5
% AJOUT M F Sagot 11/00
%%%%%%%%%%%%%%%%%%%%%%%%%%%%%%%%%%%%%%%%%%%%%%%%%%%%5


@ARTICLE{VRC00,
author="J. van Helden and A. F. Rios and J. Collado-Vides",
title="Discovering regulatory elements in non-coding sequences by
analysis of spaced dyads",
journal=NAR,
year=2000,
volume=28,
pages="1808--1818"
}
@ARTICLE{MaS00a, 
author="L. Marsan and M.-F. Sagot", 
title="Algorithms for extracting structured motifs using a suffix 
       tree with an application to promoter and regulatory site 
       consensus identification", 
journal=JCB, 
volume = 7,
year=2000, 
pages="345--362" 
} 
@ARTICLE{Hel95, 
author="J. D. Helmann", 
title="Compilation and analysis of {\it {B}acillus subtilis}
       $\alpha$-dependent promoter sequences: evidence for extended
       contact between {RNA} polymerase and upstream promoter
       {DNA}",
journal=NAR, 
year=1995, 
volume=23, 
pages="2351--2360" 
} 
@ARTICLE{Ozo98,
author="O. N. Ozoline and A. A. Deev and M. V. Arkhipova",
title="Non-canonical sequence elements in the promoter structure. 
       {C}luster analysis of promoters recognized by 
       {\it {E}scherichia coli} {RNA} polymerase",
journal=NAR,
year=1998,
volume=25,
pages="4703--4709"
}
@INCOLLECTION{MaS00b, 
author="L. Marsan and M.-F. Sagot", 
title="Extracting structured motifs using a suffix tree -- Algorithms
       and application to promoter consensus identification", 
booktitle="RECOMB'00. Proceedings of Fourth Annual International 
           Conference on Computational Molecular Biology",
editor="R. Shamir and S. Miyano and S. Istrail and P. Pevzner 
        and M. Waterman", 
publisher="ASM Press",
pages="210--219",
year=2000
} 
@BOOK{Gus97,
author="D. Gusfield",
title="Algorithms on Strings, Trees, and Sequences: Computer Science 
       and Computational Biology", 
publisher="Cambridge University Press",
year=1997
}

@BOOK{CrR94,
author="M. Crochemore and W. Rytter",
title="Text Algorithms",
publisher="Oxford University Press",
year=1994
}
@INPROCEEDINGS{BRC94,
author="P. Bieganski and J. Riedl and J. V. Carlis and E.M. Retzel",
title="Generalized suffix trees for biological sequence data: 
       applications and implementations",
booktitle="Proc. of the 27th Hawai Int. Conf. on Systems Sci.",
year=1994,
publisher="IEEE Computer Society Press",
pages="35--44"
}


@InBook{Record-1996,
  author =  {M. T. Record and W. S. Reznikoff and M. L. Craig and
        K. L. McQuade and P. J. Schlax},
  editor =  {F. C. Neidhardt},
  title =  {{\it Escherichia coli} and {\it Salmonella}},
  chapter =  {{\it Escherichia coli} {RNA} polymerase $\sigma^{70}$ 
       promoters, and the kinetics of the steps of transcription 
       initiation},
  publisher =  {ASM Press},
  year =  {1996},
  volume =  {1},
  pages =  {792-820}
}

@BOOK{Record-1996-old, 
author="M. T. Record and W. S. Reznikoff and M. L. Craig and
        K. L. McQuade and P. J. Schlax", 
title="{\it Escherichia coli} {RNA} polymerase $\sigma^{70}$ 
       promoters, and the kinetics of the steps of transcription 
       initiation", 
booktitle="{\it Escherichia coli} and {\it Salmonella}", 
publisher="ASM Press", 
editor="F. C. Neidhardt", 
volume="1", 
pages="792-820", 
year=1996, 
} 


@Article{ViA03,
  author =  {Vinga, S. and Almeida, J.},
  title =  {Alignment-free sequence comparison: a review},
  journal =  {Bioinformatics},
  year =  {2003},
  volume =  {19},
  number =  {4},
  pages =  {513--23},
}

@Article{McR07,
   Author="McHardy, A. C.  and Rigoutsos, I. ",
   Title="{{W}hat's in the mix: phylogenetic classification of metagenome sequence samples}",
   Journal="Curr. Opin. Microbiol.",
   Year="2007",
   Volume="10",
   Pages="499--503",
   Month="Oct"
}

@Article{PhZ04,
  author =  {Pham, T.D. and Zuegg, J.},
  title =  {A probabilistic measure for alignment-free sequence comparison},
  journal =  {Bioinformatics},
  year =  {2004},
  OPTkey =  {},
  OPTvolume =  {},
  OPTnumber =  {},
  OPTpages =  {},
  OPTmonth =  {},
  OPTnote =  {},
  OPTannote =  {}
}

@article{Pru12,
  title={Cha{\^\i}nes de Markov et absorption. Application {\`a} l'algorithme de Fu en g{\'e}nomique},
  author={Prum, Bernard},
  journal={Journal de la Soci{\'e}t{\'e} Fran{\c{c}}aise de Statistique},
  volume={153},
  number={2},
  pages={37--51},
  year={2012}
}


@article{DHK13,
title = "Least-squares estimation of a convex discrete distribution ",
journal = "Computational Statistics \& Data Analysis ",
volume = "67",
number = "0",
pages = "282 - 298",
year = "2013",
note = "",
issn = "0167-9473",
doi = "http://dx.doi.org/10.1016/j.csda.2013.04.019",
url = "http://www.sciencedirect.com/science/article/pii/S016794731300162X",
author = "Durot, C\'ecile and Huet, Sylvie and Koladjo, Fran\c{c}ois and Robin, St\'ephane",
}

@Article{DoB08,
   Author="Doroghazi, J. R.  and Buckley, D. H. ",
   Title="{{E}vidence from {G}{C}-{T}{R}{F}{L}{P} that bacterial communities in soil are log-normally distributed}",
   Journal="PLoS ONE",
   Year="2008",
   Volume="3",
   Pages="e2910"
}

@Book{DEK99,
  author =  {Durbin, R. and Eddy, S.R. and Krogh, A. and Mitchison, G.},
  title =  {Biological Sequence Analysis: Probabilistic Models of Proteins and Nucleic Acids},
  publisher =  {Cambridge University Press},
  year =  {1999},
}

@techreport{DKH12,
   author = {{Durot}, C. and {Koladjo}, F. and {Huet}, S. and {Robin}, S.},
    title = "{Estimation of a convex discrete distribution}",
  institution = {arXiv:1202.6263},
     year = 2012,
}

@Article{DYW08,
  author =  {Dai, Q. and Yang, Y. and Wang, T.},
  title =  {{M}arkov model plus k-word distributions: a synergy that produces novel statistical measures for sequence comparison},
  journal =  {Bioinformatics},
  year =  {2008},
  key =  {},
  volume =  {24},
  number =  {20},
  pages =  {2296--302},
}

@article{GSK00,
  title={Genomic expression programs in the response of yeast cells to environmental changes},
  author={Gasch, Audrey P and Spellman, Paul T and Kao, Camilla M and Carmel-Harel, Orna and Eisen, Michael B and Storz, Gisela and Botstein, David and Brown, Patrick O},
  journal={Mol. Biol. Cell},
  fjournal={Molecular biology of the cell},
  volume={11},
  number={12},
  pages={4241--4257},
  year={2000},
  publisher={Am Soc Cell Biol}
}

@Article{GJW01,
Author="Groeneboom, P. and Jongbloed, G. and Wellner, J. A.",
year= {2001},
title={Estimation of a convex function: characterizations and asymptotic theory},
journal={Ann. Statist.},
volume= { 29}, 
pages={1653-1698}
}

@Article{WHL01,
  author =  {Wu, T.-J. and Hsieh, Y.-A. and Li, L.-A.},
  title =  {Statistical Measures of DNA Sequence Dissimilarity under
{M}arkov Chain Models of Base Composition},
  journal =  {Biometrics},
  year =  {2001},
  volume =  {57},
  pages =  {441-8},
}


@Article{KRS07,
  author =  {Kantorovitz, M.R. and Robinson, G.E. and Sinha, S.},
  title =  {A statistical method for alignment-free comparison
of regulatory sequences},
  journal =  {Bioinformatics},
  year =  {2007},
  volume =  {23},
  number =  {249--255},
}

@Article{YuG08,
  author =  {Yuan, Z. and Ghosh, D.},
  title =  {Combining Multiple Biomarker Models in Logistic Regression},
  journal =  {Biometrics},
  year =  {2008},
  volume =  {64},
  pages =  {431--9},
  note =  {DOI: 10.1111/j.1541-0420.2007.00904.x},
}

