@article{MDM21,
    author = {Mary-Huard, T. and Das, S. and Mukhopadhyay, I. and Robin, S.},
    title = "{Querying multiple sets of $p$-values through composed hypothesis testing}",
    journal = {Bioinformatics},
    year = {2021},
    month = {09},
    issn = {1367-4803},
    doi = {10.1093/bioinformatics/btab592},
    url = {https://doi.org/10.1093/bioinformatics/btab592},
    eprint = {https://academic.oup.com/bioinformatics/advance-article-pdf/doi/10.1093/bioinformatics/btab592/40303146/btab592.pdf},
}

