@string{AIHP="Ann. Inst. Henri Poincar\'e"}
@string{AISM="Ann. Inst. Statist. Math."}
@string{AP="Ann. Prob."}
@string{AS="Ann. Statist."}
@string{AAS="Ann. Appl. Statist."}
@string{AdAP="Adv. Appl. Prob."}
@string{ApS="Appl. Statist."}
@string{AnAP="Ann. Appl. Prob."}
@string{BMB="Bull. Math. Biol"}
@string{BMCB="BMC Bioinformatics"}
@string{CABIOS="Comp. Applic. Biosci."}
@string{CC="Computer Chem."}
@string{CRAS="C.-R. Acad. Sciences"}
@string{ESAIM="ESAIM: Probability and Statistics"}
@string{EJS="Electron. J. Statis."}
@string{JAM="J. Analyse Math."}
@string{JAP="J. Appl. Prob."}
@string{JASA="J. Amer. Statist. Assoc."}
@string{JBSD="J. Biomol. Struct. Dynamics"}
@string{JCB="J. Comp. Biol."} 
@string{JCTA="J. Combinatorial Theory A"}
@string{JMB="J. Mol. Biol."}
@string{JME="J. Mol. Evol"}
@string{JTB="J. Theor. Biol."}
@string{JSPI="J. Statis. Plann. Inference"}
@string{MBE="Mol. Biol. Evol."}
@string{MPCPS="Math. Proc. Camb. Phil. Soc."}
@string{NAR="Nucl. Acids Res."}
@string{PNAS="Proc. Natl. Acad. Sci. USA"}
@string{PTRF="Prob. Theory Rel. Fields"}
@string{P="Preprint"}
@string{PSI="Prob. Statist. Inference"}
@string{RTB="INRA,  Biom\'etrie"}
@string{SAGMB="Stat. Appl. Genet. Mol. Biol."}
@string{SPA="Stoch. Proc. Appl."}
@string{SPL="Statist. Prob. Letters"}
@string{SS="Statistical Science"}
@string{SSI="Statistica Sinica"}
@string{TPA="Theory Prob. Appl."}
@string{ZW="Z. Wahrscheinlichkeit"}

%%%%%%%%%%%%%%%%%%%%%%%%%%%%%%%%%%%%%%%%%%%%%%%%%%%%%%%
% A
@inproceedings{Att00,
  title={A variational baysian framework for graphical models},
  author={Attias, H.},
  booktitle={Advances in neural information processing systems},
  pages={209--215},
  year={2000}
}

@article{ArV14,
  title={Community detection in dense random networks},
  author={Arias-Castro, E. and Verzelen, N.},
  journal={The {A}nnals of {S}tatistics},
  volume={42},
  number={3},
  pages={940--969},
  year={2014},
  publisher={Institute of Mathematical Statistics}
}

@article{ADM16,
  title={Brain shape convergence in the adaptive radiation of New World monkeys},
  author={Aristide, L and Dos Reis, S F and Machado, A C and Lima, I and Lopes, R T and Perez, S I},
  journal={Proceedings of the National Academy of Sciences},
  volume={113},
  number={8},
  pages={2158--2163},
  year={2016},
  publisher={National Acad Sciences}
}

@article{AMR09,
  title={Identifiability of parameters in latent structure models with many observed variables},
  author={Allman, E.A. and Matias, C. and Rhodes, J.A.},
  journal={The {A}nnals of {S}tatistics},
  pages={3099--3132},
  year={2009},
  publisher={JSTOR}
}

@book{Agr96,
  title={An introduction to categorical data analysis},
  author={Agresti, A.},
  volume={135},
  year={1996},
  publisher={Wiley New York}
}

@article{AFI02,
  title={Gene expression during the life cycle of Drosophila melanogaster},
  author={Arbeitman, M. N and Furlong, E. EM and Imam, F. and Johnson, E. and Null, B. H and Baker, B. S and Krasnow, M. A and Scott, M. P and Davis, R. W and White, K. P},
  journal={Science},
  volume={297},
  number={5590},
  pages={2270--2275},
  year={2002},
  publisher={American Association for the Advancement of Science}
}

@inproceedings{AGZ15,
  title={Nonparametric Bayesian Factor Analysis for Dynamic Count Matrices.},
  author={Acharya, A. and Ghosh, J. and Zhou, M.},
  booktitle={AISTATS},
  year={2015}
}

@article{AbW10,
  title={Principal component analysis},
  author={Abdi, H. and Williams, L. J},
  journal={Wiley Interdisciplinary Reviews: Computational Statistics},
  volume={2},
  number={4},
  pages={433--459},
  year={2010},
  publisher={Wiley Online Library}
}

@Article{ACM09,
  author =  {Ambroise, C. and Chiquet, J. and Matias, C.},
  title =  {Inferring sparse Gaussian graphical models with latent structure},
  journal =  {Electron. J. Statist.},
  year =  {2009},
  volume =  {3},
  pages =  {205--38},
}

@article{And01,
  title={A new method for non-parametric multivariate analysis of variance},
  author={Anderson, Marti J},
  journal={Austral ecology},
  volume={26},
  number={1},
  pages={32--46},
  year={2001},
  publisher={Wiley Online Library}
}

@Book{And03,
 author = {Anderson, T. W.},
 ALTeditor = {},
 title = {An introduction to multivariate statistical analysis},
 publisher = {Wiley},
 year = {2003},
 series = {Series in Probability and Statistics},
 edition = {3},
 }

@article{AuD11,
  title={A two-stage {P}oisson model for testing {RNA-seq} data},
  author={Auer, P.L. and Doerge, R.W.},
  journal={Statistical applications in genetics and molecular biology},
  volume={10},
  number={1},
  pages={1-26},
  year={2011}
}


@article{AnH10,
  title={Differential expression analysis for sequence count data},
  author={Anders, S. and Huber, W.},
  journal={Genome biology},
  volume={11},
  number={10},
  pages={R106},
  year={2010}
}

@InProceedings{AJC13,
  author = 	 {Aicher, C. and  Jacobs, A.Z. and Clauset, A.},
  title = 	 {Adapting the Stochastic Block Model to Edge-Weighted Networks},
  OPTbooktitle = {},
  year = 	 {2013},
  organization = {ICML Workshop on Structured Learning (SLG)},
}

@inproceedings{ACC13,
  title={Stochastic blockmodel approximation of a graphon: Theory and consistent estimation},
  author={Airoldi, Edoardo M and Costa, Thiago B and Chan, Stanley H},
  booktitle={Advances in Neural Information Processing Systems},
  pages={692--700},
  year={2013}
}

@article{Aka74,
  title={A new look at the statistical model identification},
  author={Akaike, Hirotugu},
  journal={Automatic Control, IEEE Transactions on},
  volume={19},
  number={6},
  pages={716--723},
  year={1974},
  publisher={Ieee}
}

@Article{AGH02,
 author = {Allison, D. B. and Gadbury, G. and Heo, M. and Fernandez, J. and Lee, C.-K. and Prolla, T. A. and Weindruch, R. A },
 title = {Mixture Model Approach For The Analysis Of Microarray Gene Expression Data},
 journal = {Computational Statistics \& Data Analysis},
 year = {2002},
 volume = {39},
 pages = {1--20},
}

@article{ABF08,
  author =       {Airoldi, E. M. and Blei, D. M. and Fienberg, S. E. and Xing, E. P.},
  title =        {Mixed Membership Stochastic Blockmodels},
  journal =      {J. Mach. Learn. Res.},
  volume =       {9},
  year =         {2008},
  issn =         {1533-7928},
  pages =        {1981--2014},
  publisher =    {MIT Press},
  address =      {Cambridge, MA, USA},
}

@article{AmM12,
  title={New consistent and asymptotically normal parameter estimates for random-graph mixture models},
  author={Ambroise, C. and Matias, C.},
  journal={Journal of the Royal Statistical Society: Series B},
  volume={74},
  number={1},
  pages={3--35},
  year={2012},
  publisher={Wiley Online Library}
}

@article{Ait86,
  title={The statistical analysis of compositional data},
  author={Aitchison, J.},
  year={1986},
  publisher={Chapman and Hall London}
}

@article{AiH89,
  title={The multivariate {P}oisson-log normal distribution},
  author={Aitchison, J. and Ho, C.H},
  journal={Biometrika},
  volume={76},
  number={4},
  pages={643--653},
  year={1989},
  publisher={Biometrika Trust}
}

@Article{AuL89,
  Title     = {Algorithms for the optimal identification of segment neighborhoods},
  Author    = {Auger, I. E. and Lawrence, C. E.},
  Journal   = {Bull. Math. Biol.},
  Year      = {1989},
  Number    = {1},
  Pages     = {39--54},
  Volume    = {51},
  Publisher = {Elsevier}
}

%%%%%%%%%%%%%%%%%%%%%%%%%%%%%%%%%%%%%%%%%%%%%%%%%%%%%%%
% B
@PhdThesis{Bea03,
 author = {Beal, M.},
 title = {Variational algorithms for approximate Bayesian inference},
 school = {university of London},
 year = {2003},
}

@TechReport{Ban08,
 author = {Banerjee, S.},
 title = {Bayesian Linear Model: Gory Details},
 institution = {univ. Minnesota},
 year = {2008},
 note = {\url{http://www.biostat.umn.edu/~ph7440}}
}

@article{BPS70,
  title={A maximization technique occurring in the statistical analysis of probabilistic functions of {M}arkov chains},
  author={Baum, L. E and Petrie, T. and Soules, G. and Weiss, N.},
  journal={The Annals of Mathematical Statistics},
  volume={41},
  number={1},
  pages={164--171},
  year={1970},
  publisher={JSTOR}
}

@article{BDL17,
  title={Stochastic block models for multiplex networks: an application to a multilevel network of researchers},
  author={Barbillon, P. and Donnet, S. and Lazega, E. and Bar-Hen, A.},
  journal={Journal of the Royal Statistical Society: Series A},
  volume={180},
  number={1},
  pages={295--314},
  year={2017},
  publisher={Wiley Online Library}
}

@article{BeG01,
  title={The variational {K}alman smoother},
  author={Beal, M. J and Ghahramani, Z.},
  journal={Gatsby Computational Neuroscience Unit, University College London, Tech. Rep. GCNU TR},
  volume={3},
  pages={2001},
  year={2001}
}

@article{BiW01,
  title={An introduction to the {K}alman filter},
  author={Bishop, G. and Welch, G.},
  journal={Proc of SIGGRAPH, Course},
  volume={8},
  number={27599-23175},
  pages={41},
  year={2001}
}
@TechReport{BiW06,
  title={An introduction to the {K}alman filter},
  author={Bishop, G. and Welch, G.},
  institution = {University of North Carolina at Chapel, Dept. of Computer Science},
  year = {2006},
  number = {95-041},
}

@article{BCC13,
  title={Asymptotic normality of maximum likelihood and its variational approximation for stochastic blockmodels},
  author={Bickel, P. and Choi, D. and Chang, X. and Zhang, H.},
  journal={The {A}nnals of {S}tatistics},
  pages={1922--1943},
  year={2013},
  publisher={JSTOR}
}

@TechReport{BCF17,
   author = {{Barigozzi}, M. and {Cho}, H. and {Fryzlewicz}, P.},
    title = "{Simultaneous multiple change-point and factor analysis for high-dimensional time series}",
  institution = {arXiv}, 
  number = {1612.06928},
     year = 2016
}

@TechReport{BAR17,
  title = {Inference of Adaptive Shifts for Multivariate Correlated Traits},
  author = {Bastide, P. and An{\'e}, C. and Robin, S. and Mariadassou, M.},
  year = {2017}, 
  institution = {bioRxiv}, 
  number = {146191}
}

@article{BAR18,
author = {Bastide, P. and An\'e, C. and Robin, S. and Mariadassou, M.},
title = {Inference of Adaptive Shifts for Multivariate Correlated Traits},
journal = {Systematic Biology},
volume = {},
number = {},
pages = {syy005},
year = {2018},
doi = {10.1093/sysbio/syy005},
URL = {http://dx.doi.org/10.1093/sysbio/syy005},
eprint = {/oup/backfile/content_public/journal/sysbio/pap/10.1093_sysbio_syy005/3/syy005.pdf}
}

@article{BKM17,
  title={Variational inference: A review for statisticians},
  author={{Blei}, D.~M. and {Kucukelbir}, A. and {McAuliffe}, J.~D.},
  journal={Journal of the American Statistical Association},
  volume={112},
  number={518},
  pages={859--877},
  year={2017},
  publisher={Taylor \& Francis}
}

@TechReport{RBF16,
  title={Bayesian Nonparametric Ordination for the Analysis of Microbial Communities},
  author={Ren, B. and Bacallado, S. and Favaro, S. and Holmes, S. and Trippa, L.},
  institution={arXiv}, 
  number = {1601.05156},
  year={2016}
}

@TechReport{BCC16,
  title={Consistent nonparametric estimation for heavy-tailed sparse graphs},
  author={Borgs, C. and Chayes, J.T. and Cohn, H. and Ganguly, S.},
  institution={arXiv}, 
  number = {1508.06675v2},
  year={2016}
}

@TechReport{BVR14,
  title={Covariate assisted spectral clustering},
  author={Binkiewicz, N. and Vogelstein, J.T. and Rohe, K.},
  institution={arXiv}, 
  number = {1411.2158},
  year={2014}
}

@Article{BCP07,
  author =  {Biau, G. and Cadre, B. and Pelletier, B.},
  title =  {A graph-based estimator of the number of clusters},
  journal =  ESAIM,
  year =  {2007},
  OPTkey =  {},
  volume =  {11},
  OPTnumber =  {},
  pages =  {272--80},
  OPTmonth =  {},
  note =  {doi:10.1051/ps:2007019},
  OPTannote =  {}
}

@Article{BiC09,
   Author="Bickel, P. J.  and Chen, A. ",
   Title="{{A} nonparametric view of network models and {N}ewman-{G}irvan and other modularities}",
   Journal="Proc. Natl. Acad. Sci. U.S.A.",
   Year="2009",
   Volume="106",
   Pages="21068--21073",
   Month="Dec"
}

@article {BPR15,
author = {Bonafede, E. and Picard, F. and Robin, S. and Viroli, C.},
title = {Modeling overdispersion heterogeneity in differential expression analysis using mixtures},
journal = {Biometrics},
issn = {1541-0420},
url = {http://dx.doi.org/10.1111/biom.12458},
doi = {10.1111/biom.12458},
pages = {n/a--n/a},
keywords = {Differential expression analysis, Mixture models, {RNA}-Seq data, ROC/AUC, Type-I error},
year = {2015},
}

@book{BiN06,
  title={Pattern recognition and machine learning},
  author={Bishop, C. M. and Nasrabadi, N. M.},
  volume={1},
  year={2006},
  publisher={springer New York}
}

@Article{BMB11,
  title={Unsupervised classification for tiling arrays: {C}h{IP}-chip and transcriptome},
  author={B{\'e}rard, C. and Martin-Magniette, M.-L. and Brunaud, V. and Aubourg, S. and Robin, S. and others},
  journal={Statistical applications in genetics and molecular biology},
  volume={10},
  number={1},
  year={2011},
  pages = {1--22}, 
  publisher={Berkeley Electronic Press}
}

@Article{BCG00,
  author =  {Biernacki, C. and Celeux, G. and Govaert, G.},
  title =  {Assessing a Mixture Model for Clustering with the Integrated Completed Likelihood},
  journal =  {IEEE Trans. Pattern Anal. Machine Intel.},
  year =  {2000},
  volume =  {22},
  number =  {7},
  pages =  {719--25},
}

@article{BeG03,
  author =  {Beal, M., J. and Ghahramani, Z.},
  title =  {The Variational {B}ayesian {EM} Algorithm for Incomplete Data: with Application to Scoring Graphical Model Structures},
  journal =  {Bayes. Statist.},
  volume =       {7}, 
  pages =  {543--52},
  year =  {2003},
  publisher =    {Oxford University Press},
  annote =  {citeseer.ist.psu.edu/article/beal03variational.html},
}

@Article{BJR07,
  author =  {Bollob\'as, B. and Janson, S. and Riordan, O.},
  title =  {The phase transition in inhomogeneous random graphs},
  journal =  {Rand. Struct. Algo.},
  year =  {2007},
  volume =  {31},
  number =  {1},
  pages =  {3--122},
  annote =  {}
}

@TechReport{BMR15,
  author = {Bastide, P. and Mariadassou, M. and Robin, S.},
  title = "Detection of adaptive shifts on phylogenies using shifted stochastic processes on a tree",
  institution = {arXiv}, 
  number = {1508.00225},
  year = 2015,
}

@article {BMR16,
  author = {Bastide, P. and Mariadassou, M. and Robin, S.},
  title = {Detection of adaptive shifts on phylogenies by using shifted stochastic processes on a
  tree},
  journal={Journal of the Royal Statistical Society. Series B},
  url = {http://dx.doi.org/10.1111/rssb.12206},
  doi = {10.1111/rssb.12206},
  year = {2016},
  pages = {{\sl to appear}}
}

@article{BMR17,
  title={Detection of adaptive shifts on phylogenies by using shifted stochastic processes on a tree},
  author={Bastide, P. and Mariadassou, M. and Robin, S.},
  journal={Journal of the Royal Statistical Society: Series B (Statistical Methodology)},
  volume={79},
  number={4},
  pages={1067--1093},
  year={2017},
  publisher={Wiley Online Library}
}

@article{BKW12,
author = "Bardet, J.-M. and Kengne, W. and Wintenberger, O.",
doi = "10.1214/12-EJS680",
fjournal = "Electronic Journal of Statistics",
journal = "Electron. J. Statist.",
pages = "435--477",
publisher = "The Institute of Mathematical Statistics and the Bernoulli Society",
title = "Multiple breaks detection in general causal time series using penalized quasi-likelihood",
OPTurl = "http://dx.doi.org/10.1214/12-EJS680",
volume = "6",
year = "2012"
}

@Article{BGH09,
  Title                    = {{Gaussian model selection with an unknown variance}},
  Author                   = {Baraud Y., and Giraud, C. and Huet, S.},
  Journal                  = {{A}nnals of {S}tatistics},
  Year                     = {2009},
  Month                    = apr,
  Number                   = {2},
  Pages                    = {630--672},
  Volume                   = {37},
  Eprint                   = {math/0701250v3},
}

@Article{BuK04,
  Title                    = {{Phylogenetic Comparative Analysis: A Modeling Approach for Adaptive Evolution}},
  Author                   = {Butler, M. A. and King, A. A.},
  Journal                  = {The American Naturalist},
  Year                     = {2004},
  Number                   = {6},
  Pages                    = {pp. 683--695},
  Volume                   = {164},
}

%%%%%%%%%%%%%%%%%%%%%%%%%%%%%%%%%%%%%%%%%%%%%%%%%%%%%%%
% C
@Article{CLR19,
 author={{Collilieux}, X. and {Lebarbier}, E. and {Robin}, S.},
 title = {A factor model approach for the joint segmentation with between-series correlation},
 journal = {Scandinavian Journal of Statistics},
 year = {2019},
 pages = {{\it to appear}},
}

@article{ChC08,
  title={Extended Bayesian information criteria for model selection with large model spaces},
  author={Chen, J. and Chen, Z.},
  journal={Biometrika},
  volume={95},
  number={3},
  pages={759--771},
  year={2008},
  publisher={Oxford University Press}
}

@article{CMR17,
  title={Structured regularization for conditional Gaussian graphical models},
  author={Chiquet, J. and Mary-Huard, T. and Robin, S},
  journal={Statistics and Computing},
  volume={27},
  number={3},
  pages={789--804},
  year={2017},
  publisher={Springer}
}

@article{CPW12,
	Author = {Chandrasekaran, V. and Parrilo, P. A. and Willsky, A. S.},
	Journal = {The {A}nnals of {S}tatistics},
	Number = {4},
	Pages = {1935-1967},
	Title = {Latent variable graphical model selection via convex optimization},
	Volume = {40},
	Year = {2012}
	}
	
@inproceedings{ChL14,
  title={Estimating latent-variable graphical models using moments and likelihoods},
  author={Chaganty, A. T. and Liang, P.},
  booktitle={International Conference on Machine Learning},
  pages={1872--1880},
  year={2014}
}

@TechReport{CMR18b,
  title={Variational inference for sparse network reconstruction from count data},
  author={{Chiquet}, J. and {Mariadassou}, M. and {Robin}, S.},
  institution={arXiv}, 
  number = {1806.03120},
  year={2018}
}

@article{CLR17,
  TITLE = {Multiple change points detection and clustering in dynamic network},
  AUTHOR = {Corneli, M. and Latouche, P. and Rossi, F.},
  journal={Statistics and Computing},
  YEAR = {2017},
}


@article{CWP12,
	Author = {V. Chandrasekaran and P. A. Parrilo and A. S. Willsky},
	Date-Added = {2016-04-22 13:31:29 +0000},
	Date-Modified = {2016-04-22 13:33:41 +0000},
	Journal = {The {A}nnals of {S}tatistics},
	Number = {4},
	Pages = {1935-1967},
	Title = {Latent variable graphical model selection via convex optimization},
	Volume = {40},
	Year = {2012}
	}

@book{CrS87,
  title={Lognormal distributions},
  author={Crow, E. L and Shimizu, K.},
  year={1987},
  publisher={Marcel Dekker New York}
}

@article{ChG95,
  title={Understanding the metropolis-hastings algorithm},
  author={Chib, S. and Greenberg, E.},
  journal={The American Statistician},
  volume={49},
  number={4},
  pages={327--335},
  year={1995},
  publisher={Taylor \& Francis Group}
}

@TechReport{CMR17b,
  title={Variational inference for probabilistic {P}oisson {PCA}},
  author={{Chiquet}, J. and {Mariadassou}, M. and {Robin}, S.},
  institution={arXiv}, 
  number = {1703.06633},
  year={2017}, 
  note={{\it to appear in The Annals of Applied Statistics}}
}

@article{CoM07,
  title={Mean-field variational approximate Bayesian inference for latent variable models},
  author={Consonni, G. and Marin, J.-M.},
  journal={Computational Statistics \& Data Analysis},
  volume={52},
  number={2},
  pages={790--798},
  year={2007},
  publisher={Elsevier}
}

@article{CXZ11,
  title={Estimation of parent specific {DNA} copy number in tumors using high-density genotyping arrays},
  author={Chen, H. and Xing, H. and Zhang, N. R.},
  journal={PLoS Comput Biol},
  volume={7},
  number={1},
  pages={e1001060},
  year={2011},
  publisher={Public Library of Science}
}

@article{CSB15,
  title={Assessing phenotypic correlation through the multivariate phylogenetic latent liability model},
  author={Cybis, G. B. and Sinsheimer, J. S. and Bedford, T. and Mather, A. E. and Lemey, Ph. and Suchard, M. A.},
  journal={The Annals of Applied Statistics},
  volume={9},
  number={2},
  pages={969},
  year={2015},
  publisher={NIH Public Access}
}

@article{CDR14,
  title={Comparing segmentation methods for genome annotation based on rna-seq data},
  author={Cleynen, A. and Dudoit, S. and Robin, S.},
  journal={Journal of Agricultural, Biological, and Environmental Statistics},
  volume={19},
  number={1},
  pages={101--118},
  year={2014},
  publisher={Springer}
}

@article{CHA12,
  title={Dynamic connectivity regression: determining state-related changes in brain connectivity},
  author={Cribben, I. and Haraldsdottir, R. and Atlas, L. Y and Wager, T. D and Lindquist, M. A},
  journal={Neuroimage},
  volume={61},
  number={4},
  pages={907--920},
  year={2012},
  publisher={Elsevier}
}

@inproceedings{CaX15,
  title={{P}oisson matrix completion},
  author={Cao, Y. and Xie, Y.},
  booktitle={2015 IEEE International Symposium on Information Theory (ISIT)},
  pages={1841--1845},
  year={2015},
  organization={IEEE}
}

@inproceedings{CDS01,
  title={A generalization of principal components analysis to the exponential family},
  author={Collins, M. and Dasgupta, S. and Schapire, R. E},
  booktitle={Advances in neural information processing systems},
  pages={617--624},
  year={2001}
}

@article{ChD13,
  title={Estimating and understanding exponential random graph models},
  author={Chatterjee, S. and Diaconis, P.},
  journal={The {A}nnals of {S}tatistics},
  volume={41},
  number={5},
  pages={2428--2461},
  year={2013},
  publisher={Institute of Mathematical Statistics}
}

@article{Cha82,
  title={A combinatorial proof of the all minors matrix tree theorem},
  author={Chaiken, S.},
  journal={SIAM Journal on Algebraic Discrete Methods},
  volume={3},
  number={3},
  pages={319--329},
  year={1982},
  publisher={SIAM}
}

@TechReport{CAF15,
  title={An iterative step-function estimator for graphons},
  author={Cai, D. and Ackerman, N. and Freer, C.},
  institution={arXiv}, 
  number = {1412.2129v2},
  year={2016}
}

@Article{ClL14,
 author = {Cleynen, A. and Lebarbier, E.},
 title = {Segmentation of the {P}oisson and negative binomial rate models: a penalized estimator},
 journal = {ESAIM: PS},
 year = {2014},
 volume = {18},
 pages = {750--69},
 OPTurl = {DOI: http://dx.doi.org/10.1051/ps/2014005},
}

@Article{CKL14,
AUTHOR = {Cleynen, A. and Koskas, M. and Lebarbier, E. and Rigaill, G. and Robin, S.},
TITLE = {Segmentor3IsBack: an R package for the fast and exact segmentation of Seq-data},
JOURNAL = {Algorithms for Molecular Biology},
VOLUME = {9},
YEAR = {2014},
NUMBER = {1},
PAGES = {6},
URL = {http://www.almob.org/content/9/1/6},
DOI = {10.1186/1748-7188-9-6},
PubMedID = {24612691},
ISSN = {1748-7188},
annote = {type:ACL  author:Cleynen author:Koskas author:Lebarbier author:Robin}
}

@inproceedings{ChA14,
  title={A Consistent Histogram Estimator for Exchangeable Graph Models.},
  author={Chan, S. H. and Airoldi, E.},
  booktitle={ICML},
  pages={208--216},
  year={2014}
}

@article{Cha15,
  title={Matrix estimation by universal singular value thresholding},
  author={Chatterjee, S.},
  journal={The {A}nnals of {S}tatistics},
  volume={43},
  number={1},
  pages={177--214},
  year={2015},
  publisher={Institute of Mathematical Statistics}
}

@article{ChL02,
  title={Connected components in random graphs with given expected degree sequences},
  author={Chung, F. and Lu, L.},
  journal={Annals of combinatorics},
  volume={6},
  number={2},
  pages={125--145},
  year={2002},
  publisher={Springer}
}

@Book{CMR05,
  author =  {Capp\'e, O and Moulines, E. and Ryd\'en, T.},
  title =  {Inference in Hidden {M}arkov Models},
  publisher =  {Springer},
  year =  {2005},
}

@article{CFP03,
  title={{EM} procedures using mean field-like approximations for {M}arkov model-based image segmentation},
  author={Celeux, G. and Forbes, F. and Peyrard, N.},
  journal={Pattern recognition},
  volume={36},
  number={1},
  pages={131--144},
  year={2003},
  publisher={Elsevier}
}

@book{Chaiken,
    author = {Chaiken, S.},
    title = {{A Combinatorial Proof of the All Minors Matrix Tree Theorem}},
    year = {1982}
}

@Article{CDR12,
  author = 	 {{Channarond}, A. and {Daudin}, J.-J. and {Robin}, S.},
  title = 	 {Classification and estimation in the Stochastic Block Model based on the empirical degrees},
  journal = 	 EJS,
  year = 	 {2012},
  volume = 	 {6},
  pages = 	 {2574--601},
}

@Article{CDP12,
  author =  {{Celisse}, A. and {Daudin}, J.-J. and {Pierre}, L.},
  title =  {Consistency of maximum-likelihood and variational estimators in the Stochastic Block Model},
  journal =  {Electron. J. Statis.},
  year =  {2012},
  volume =  {6},
  pages =  {1847--99},
}

@techreport{Cha15-arxiv,
   author = {{Chakar}, S.},
    title = "{A robust approach for estimating change-points in the mean of an AR(p) process}",
institution =   {arXiv}, 
  number = {1509.00899},
     year = 2015,
    month = sep,
}

@Article{CLL16,
   author = {{Chakar}, S. and {Lebarbier}, {\'E}. and {L{\'e}vy-Leduc}, C. and 
	{Robin}, S.},
    title = "{A robust approach to multiple change-point estimation in an AR(1) process}",
  journal ="Bernoulli",
  year = "2016",
  pages={\sl to appear},
}

@article{CLL17,
  title={A robust approach for estimating change-points in the mean of an $AR(1)$ process},
  author={Chakar, S. and Lebarbier, E and L{\'e}vy-Leduc, C. and Robin, S},
  journal={Bernoulli},
  volume={23},
  number={2},
  pages={1408--1447},
  year={2017},
  publisher={Bernoulli Society for Mathematical Statistics and Probability}
}


@article{ClR14,
  year={2014},
  issn={0960-3174},
  journal={Statistics and Computing},
  doi={10.1007/s11222-014-9492-y},
  title={Comparing change-point location in independent series},
  OPTurl={http://dx.doi.org/10.1007/s11222-014-9492-y},
  publisher={Springer US},
  keywords={Segmentation; Change-point comparison; Credibility intervals; Bayesian inference; Negative binomial},
  author={Cleynen, A. and Robin, S.},
  pages={1-14},
  language={English},    
  annote = {type:ACL author:Cleynen author:Robin}
}

@article{ChL68,
author = {Chow, C.K. and Liu, C.N.},
file = {:home/loic/Downloads/chowliu.pdf:pdf},
journal = {IEEE Transactions on Information Theory},
number = {3},
pages = {462--467},
title = {{Approximating Discrete Probability Distributions with Dependence Trees}},
volume = {IT-14},
year = {1968}
}

%%%%%%%%%%%%%%%%%%%%%%%%%%%%%%%%%%%%%%%%%%%%%%%%%%%%%%%
% D
@book{DEK98,
  title={Biological sequence analysis: probabilistic models of proteins and nucleic acids},
  author={Durbin, R. and Eddy, S. R and Krogh, A. and Mitchison, G.},
  year={1998},
  publisher={Cambridge university press}
}

@article{DHK15,
  title={Nonparametric species richness estimation under convexity constraint},
  author={Durot, C. and Huet, S. and Koladjo, F. and Robin, S.},
  journal={Environmetrics},
  volume={26},
  number={7},
  pages={502--513},
  year={2015},
  publisher={Wiley Online Library}
}

@article{DLM17,
  title={SegCorr a statistical procedure for the detection of genomic regions of correlated expression},
  author={Delatola, E.I. and Lebarbier, E. and Mary-Huard, T. and Radvanyi, F. and Robin, S. and Wong, J.},
  journal={BMC bioinformatics},
  volume={18},
  number={1},
  pages={333},
  year={2017},
  publisher={BioMed Central}
}

@inproceedings{DeB15,
  title={Bounding errors of expectation-propagation},
  author={Dehaene, G. P and Barthelm{\'e}, S.},
  booktitle={Advances in Neural Information Processing Systems},
  pages={244--252},
  year={2015}
}

@article{DeB18,
  title={Expectation propagation in the large data limit},
  author={Dehaene, G. and Barthelm{\'e}, S},
  journal={Journal of the Royal Statistical Society: Series B (Statistical Methodology)},
  volume={80},
  number={1},
  pages={199--217},
  year={2018},
  publisher={Wiley Online Library}
}

@TechReport{DoR17,
   author = {{Donnet}, S. and {Robin}, S.},
    title = "{Using deterministic approximations to accelerate SMC for posterior sampling}",
  institution = {arXiv}, 
  number = {1612.06928},
     year = 2017
}

@article{DDJ06,
archivePrefix = {arXiv},
arxivId = {cond-mat/0212648v1},
author = {{Del Moral}, P. and Doucet, A. and Jasra, A.},
doi = {10.1111/j.1467-9868.2006.00553.x},
eprint = {0212648v1},
isbn = {1467-9868},
issn = {13697412},
journal = {Journal of the Royal Statistical Society: Series B},
keywords = {Importance sampling,{M}arkov chain Monte Carlo methods,Ratio of normalizing constants,Resampling,Sequential Monte Carlo methods,Simulated annealing},
number = {3},
pages = {411--436},
pmid = {237597200004},
primaryClass = {cond-mat},
title = {{Sequential Monte Carlo samplers}},
volume = {68},
year = {2006}
}

@article{DGG04,
  title={Computational methods for hidden {M}arkov tree models-an application to wavelet trees},
  author={Durand, J.-B. and Goncalves, P. and Gu{\'e}don, Y.},
  journal={IEEE Transactions on Signal Processing},
  volume={52},
  number={9},
  pages={2551--2560},
  year={2004},
  publisher={IEEE}
}

@Book{Dob90,
  author = 	 {Dobson, A. J.},
  title = 	 {An introduction to generalized linear models},
  publisher = 	 {Chapman \& Hall},
  year = 	 {1990}
}

@Article{DRL05,
 author = {Delmar, P. and Robin, S. and Le Roux, D. and Daudin, J.-J.},
 title = {Mixture model on the variance for the differential analysis of gene expression},
 journal = {Journal of the Royal Statistical Society: Series C},
 year = {2005},
 volume = {54},
 number = {1},
 pages = {31--50}
}

@Article{DRD05,
 author = {Delmar, P. and Robin, S. and Daudin, J.-J.},
 title = {VarMixt : Efficient variance modelling for the differential
analysis of replicated gene expression data},
 journal = {Bioinformatics},
 year = {2005},
 pages = {502--8},
 volume = {21},
 number = {4},
 note = {{\tt doi:10.1093/bioinformatics/bti023}},
}

@ARTICLE{DSC11,
title = {The {NBP} Negative Binomial Model for Assessing Differential Gene Expression from {RNA-Seq}},
author = {Di, Y. and Schafer, D.W. and Cumbie, J.S. and Chang, J.H.},
year = {2011},
journal = {Statistical Applications in Genetics and Molecular Biology},
volume = {10},
number = {1},
pages = {1-28}
}

@article{DSY12,
  title={Topological domains in mammalian genomes identified by analysis of chromatin interactions},
  author={Dixon, Jesse R and Selvaraj, Siddarth and Yue, Feng and Kim, Audrey and Li, Yan and Shen, Yin and Hu, Ming and Liu, Jun S and Ren, Bing},
  journal={Nature},
  volume={485},
  number={7398},
  pages={376--380},
  year={2012},
  publisher={Nature Publishing Group}
}

@article{DPR08,
  author =  {Daudin, J.-J. and Picard, F. and Robin, S.},
  title =  {A mixture model for random graphs},
  journal =  {Stat. Comput.},
  year =  {2008},
  volume =  {18},
  number =  {2},
  pages =  {173--83}
  }

@Article{DPV10,
author = {Daudin, J.-J. and Pierre, L. and Vacher, C.},
title = {Model for Heterogeneous Random Networks Using Continuous Latent Variables and an Application to a Tree--Fungus Network},
journal = {Biometrics},
volume = {66},
number = {4},
publisher = {Blackwell Publishing Inc},
issn = {1541-0420},
OPTurl = {http://dx.doi.org/10.1111/j.1541-0420.2009.01378.x},
doi = {10.1111/j.1541-0420.2009.01378.x},
pages = {1043--1051},
keywords = {Ecological network, Grade of membership model, Heterogeneous random graph, Maximum likelihood, Mixture model},
year = {2010},
}

@article{DaL93,
author = {Dawid, A. P. and Lauritzen, S. L.},
journal = {The {A}nnals of {S}tatistics},
number = {3},
pages = {1272--1317},
title = {{Hyper {M}arkov Laws in the Statistical Analysis of Decomposable Graphical Models}},
volume = {21},
year = {1993}
}

@Article{DiJ08,
  author = 	 {Diaconis, P. and Janson, S.},
  title = 	 {Graph limits and exchangeable random graphs},
  journal = 	 {Rendiconti di Matematica},
  year = 	 {2008},
  volume = 	 {7},
  number = 	 {28},
  pages = 	 {33-61},
  address = {Rome},
}

@Article{DLR77,
  author =  {Dempster, A. P. and Laird, N. M. and Rubin, D. B.},
  title =  {Maximum Likelihood from Incomplete Data via the {EM} algorithm},
  journal =  {Journal of the Royal Statistical Society: Series B},
  year =  {1977},
  volume =  {39},
  pages =  {1--38}
}

%%%%%%%%%%%%%%%%%%%%%%%%%%%%%%%%%%%%%%%%%%%%%%%%%%%%%%%
% E
@article{EcY36,
  title={The approximation of one matrix by another of lower rank},
  author={Eckart, C. and Young, G.},
  journal={Psychometrika},
  volume={1},
  number={3},
  pages={211--218},
  year={1936},
  publisher={Springer}
}

@article{EHJ04,
  title={Least angle regression},
  author={Efron, B. and Hastie, T. and Johnstone, I. and Tibshirani, R.},
  journal={The {A}nnals of {S}tatistics},
  volume={32},
  number={2},
  pages={407--499},
  year={2004},
  publisher={Institute of Mathematical Statistics}
}


%%%%%%%%%%%%%%%%%%%%%%%%%%%%%%%%%%%%%%%%%%%%%%%%%%%%%%%
% F
@TechReport{FSG08b,
 author = {Frigyik, B. A and Srivastava, S. and Gupta, M. R},
 title = {An introduction to functional derivatives},
 institution = {Dept. Electr. Eng., Univ. Washington, Seattle, WA},
 year = {2008}
 }

@article{FSG08,
  title={Functional Bregman divergence and Bayesian estimation of distributions},
  author={Frigyik, B. A and Srivastava, S. and Gupta, M. R},
  journal={IEEE Transactions on Information Theory},
  volume={54},
  number={11},
  pages={5130--5139},
  year={2008},
  publisher={IEEE}
}

@article{Fit71,
	author = "Fitch, W. M.",
	bdsk-url-1 = "http://dx.doi.org/10.1093/sysbio",
	bdsk-url-2 = "http://dx.doi.org/10.1093/sysbio",
	eprint = "http://sysbio.oxfordjournals.org/content/20/4/406.full.pdf+html",
	journal = "Systematic Biology",
	localfile = "/home/bastide/Dropbox/Bastide_These/Biblio/Fitch_1971.pdf",
	number = "4",
	pages = "406--416",
	title = "{Toward Defining the Course of Evolution: Minimum Change for a Specific Tree Topology}",
	volume = "20",
	year = "1971"
}

@article{FNA06,
  title={Fish assemblages in the Barents Sea},
  author={Fossheim, M. and Nilssen, E. M and Aschan, M.},
  journal={Marine Biology Research},
  volume={2},
  number={4},
  pages={260--269},
  year={2006},
  publisher={Taylor \& Francis}
}

@inproceedings{FoD10,
  title={Extended {B}ayesian information criteria for Gaussian graphical models},
  author={Foygel, R. and Drton, M.},
  booktitle={Advances in neural information processing systems},
  pages={604--612},
  year={2010}
}

@article{FoB14,
  title={Contact patterns among high school students},
  author={Fournet, J. and Barrat, A.},
  journal={PloS one},
  volume={9},
  number={9},
  pages={e107878},
  year={2014},
  publisher={Public Library of Science}
}

@article{FHT08,
  title={Sparse inverse covariance estimation with the graphical lasso},
  author={Friedman, J. and Hastie, T. and Tibshirani, R.},
  journal={Biostatistics},
  volume={9},
  number={3},
  pages={432--441},
  year={2008},
  publisher={Biometrika Trust}
}

@article{FrS86,
  title={{M}arkov graphs},
  author={Frank, O. and Strauss, D.},
  journal={Journal of the American Statistical Association},
  volume={81},
  number={395},
  pages={832--842},
  year={1986},
  publisher={Taylor \& Francis Group}
}

@article {FrH82,
    AUTHOR = {Frank, O. and Harary, F.},
     TITLE = {Cluster inference by using transitivity indices in empirical
              graphs},
   JOURNAL = {J. Amer. Statist. Assoc.},
  FJOURNAL = {Journal of the American Statistical Association},
    VOLUME = {77},
      YEAR = {1982},
    NUMBER = {380},
     PAGES = {835-840},
}

@article{FoR12,
  title={A tutorial on variational {B}ayesian inference},
  author={Fox, C. W. and Roberts, S. J.},
  journal={Artificial Intelligence Review},
  volume={38},
  number={2},
  pages={85--95},
  year={2012},
  publisher={Springer}
}

@article{FSP04,
    author = {Fridlyand, J. and Snijders, A. M. and Pinkel, D. and Albertson, D. G. and Jain, A. N.},
    booktitle = {Special Issue on Multivariate Methods in Genomic Data Analysis},
    doi = {10.1016/j.jmva.2004.02.008},
    issn = {0047259X},
    journal = {Journal of Multivariate Analysis},
    keywords = {hmm\_manu},
    month = jul,
    number = {1},
    pages = {132--153},
    posted-at = {2006-09-19 20:36:45},
    priority = {0},
    title = {Hidden {M}arkov models approach to the analysis of array {CGH} data},
    OPTurl = {http://dx.doi.org/10.1016/j.jmva.2004.02.008},
    volume = {90},
    year = {2004}
}

@Article{FSP03,
   Author="Falush, D.  and Stephens, M.  and Pritchard, J. K. ",
   Title="{{I}nference of population structure using multilocus genotype data: linked loci and correlated allele frequencies}",
   Journal="Genetics",
   Year="2003",
   Volume="164",
   Number="4",
   Pages="1567--1587",
   Month="Aug"
}

@Article{Fel81,
   Author="Felsenstein, J. ",
   Title="{{E}volutionary trees from {D}{N}{A} sequences: a maximum likelihood approach}",
   Journal="J. Mol. Evol.",
   Year="1981",
   Volume="17",
   Number="6",
   Pages="368--376"
}

@Article{Fel85,
  Title                    = {{Phylogenies and the Comparative Method}},
  Author                   = {Felsenstein, J.},
  Journal                  = {The American Naturalist},
  Year                     = {1985},
  Month                    = jan,
  Number                   = {1},
  Pages                    = {pp. 1--15},
  Volume                   = {125},
}

@Book{Fel04,
  Title                    = {{Inferring Phylogenies}},
  Author                   = {Felsenstein, J.},
  Publisher                = {Sinauer Associates},
  Year                     = {2004},
  Address                  = {Suderland, USA},
}

@article{Fea06,
  title={Exact and efficient {B}ayesian inference for multiple changepoint problems},
  author={Fearnhead, P.},
  journal={Statistics and computing},
  volume={16},
  number={2},
  pages={203--213},
  year={2006},
  publisher={Springer}
}

%%%%%%%%%%%%%%%%%%%%%%%%%%%%%%%%%%%%%%%%%%%%%%%%%%%%%%%
% G
@techreport{GaL17a,
  title={Testing network structure using relations between small subgraph probabilities},
  author={Gao, C. and Lafferty, J.},
  institution = {arXiv}, 
  number = {1704.06742},
  year={2017}
}

@techreport{GaL17b,
  title={Testing for Global Network Structure Using Small Subgraph Statistics},
  author={Gao, C. and Lafferty, J.},
  institution = {arXiv}, 
  number = {1704.06742},
  year={2017}
}

@inproceedings{GhB01,
  title={Propagation algorithms for variational {B}ayesian learning},
  author={Ghahramani, Z. and Beal, M. J},
  booktitle={Advances in neural information processing systems},
  pages={507--513},
  year={2001}
}


@Manual{GrE08,
  title = {poilog: {P}oisson lognormal and bivariate {P}oisson lognormal distribution},
  author = {Vidar G. and Steinar E.},
  year = {2008},
  note = {R package version 0.4},
  }

@book{GrP14,
  title={Multivariate analysis of ecological data},
  author={Greenacre, M. and Primicerio, R.},
  year={2014},
  publisher={Fundacion BBVA}
}

@article{Gre13,
  title={Fuzzy coding in constrained ordinations},
  author={Greenacre, M.},
  journal={Ecology},
  volume={94},
  number={2},
  pages={280--286},
  year={2013},
  publisher={Wiley Online Library}
}

@techreport{GhH96,
  title={Parameter estimation for linear dynamical systems},
  author={Ghahramani, Z. and Hinton, G. E},
  year={1996},
  institution={University of Toronto, Dept. of Computer Science},
  number={CRG-TR-96-2}
}

@article{GeH96,
  title={Knowledge representation and inference in similarity networks and Bayesian multinets},
  author={Geiger, D. and Heckerman, D.},
  journal={Artificial Intelligence},
  volume={82},
  number={1-2},
  pages={45--74},
  year={1996},
  publisher={Elsevier}
}

@article{GBR13,
  title={Discovering patterns in time-varying graphs: a triclustering approach},
  author={Guigour{\`e}s, Romain and Boull{\'e}, Marc and Rossi, Fabrice},
  journal={Advances in Data Analysis and Classification},
  pages={1--28},
  year={2015},
  publisher={Springer}
}

@Article{GoN05,
  author =  {G. Govaert and M. Nadif},
  title =  {An {EM} Algorithm for the Block Mixture Model},
  journal =  {IEEE Trans. Pattern Anal. Machine Intel.},
  year =  {2005},
  OPTkey =  {},
  volume =  {27},
  number =  {4},
  pages =  {643--7},
  OPTmonth =  {April},
  OPTnote =  {},
  OPTannote =  {}
}

@article{GLZ15,
  title={Rate-optimal graphon estimation},
  author={Gao, C. and Lu, Y. and Zhou, H.H.},
  journal={The {A}nnals of {S}tatistics},
  volume={43},
  number={6},
  pages={2624--2652},
  year={2015},
  publisher={Institute of Mathematical Statistics}
}

@techreport{GhH96,
  title={Parameter estimation for linear dynamical systems},
  author={Ghahramani, Zoubin and Hinton, Geoffrey E},
  year={1996},
  institution={Technical Report CRG-TR-96-2, University of Totronto, Dept. of Computer Science}
}

@Article{GoS10,
  author =  {Gouda, A.A. and Sz\'antai, T.},
  title =  {On numerical calculation of probabilities according to {D}irichlet distribution},
  journal =  {Ann. Oper. Res.},
  year =  {2010},
  volume =  {177},
  pages =  {185--200},
  note =  {DOI: 10.1007/s10479-009-0601-9},
}

@Article{GDR12,
author = {Gazal, S. and Daudin, J.-J. and Robin, S.},
title = {Accuracy of variational estimates for random graph mixture models},
journal = {Journal of Statistical Computation and Simulation},
volume = {82},
number = {6},
pages = {849-862},
year = {2012},
doi = {10.1080/00949655g.2011.560117},
URL = {http://www.tandfonline.com/doi/abs/10.1080/00949655.2011.560117}
}

@Article{GuB05,
  author =  {Gunawardana, A. and Byrne, W.},
  title =  {Convergence Theorems for Generalized Alternating Minimization Procedures},
  journal =  {J. Mach. Learn. Res.},
  year =  {2005},
  volume =  {6},
  pages =  {2049--73},
}

@article{GCR16,
year={2016},
issn={0960-3174},
journal={Statistics and Computing},
volume={26},
number={1-2},
doi={10.1007/s11222-014-9523-8},
title={Inference in finite state space non parametric Hidden {M}arkov Models and applications},
OPTurl={http://dx.doi.org/10.1007/s11222-014-9523-8},
publisher={Springer US},
keywords={Identifiability; Hidden {M}arkov Models; Non-parametric},
author={Gassiat, E. and Cleynen, A. and Robin, S.},
pages={61-71},
language={English}
}

%%%%%%%%%%%%%%%%%%%%%%%%%%%%%%%%%%%%%%%%%%%%%%%%%%%%%%%
% H
@article{HHB08,
  title={ergm: A package to fit, simulate and diagnose exponential-family models for networks},
  author={Hunter, D. R and Handcock, M. S and Butts, C. T and Goodreau, S. M and Morris, M.},
  journal={Journal of statistical software},
  volume={24},
  number={3},
  pages={nihpa54860},
  year={2008},
  publisher={NIH Public Access}
}

@InProceedings{HSX15,
  title={Evolving Cluster Mixed-Membership Blockmodel for Time-Varying Networks},
  author={Ho, Q. and Song, L. and Xing, E. P},
  journal={Journal of Machine Learning Research},
  volume=15,
  pages={342--350},
  year=2011,
  booktitle = {14th International Conference on Artificial Intelligence and Statistics (AISTATS)}
}

@article{HBW13,
  title={Stochastic variational inference},
  author={Hoffman, M. D and Blei, D. M and Wang, C. and Paisley, J.},
  journal={The Journal of Machine Learning Research},
  volume={14},
  number={1},
  pages={1303--1347},
  year={2013},
  publisher={JMLR. org}
}

@article{HGH08,
  title={Goodness of fit of social network models},
  author={Hunter, D. R and Goodreau, S. M and Handcock, M. S},
  journal={Journal of the American Statistical Association},
  volume={103},
  number={481},
  pages={248--258},
  year={2008},
  publisher={Taylor \& Francis}
}

@article{Hol15,
  title={Modern temporal network theory: a colloquium},
  author={Holme, Petter},
  journal={The European Physical Journal B},
  volume={88},
  number={9},
  pages={1--30},
  year={2015},
  publisher={Springer}
}

@article{HaL10,
  title={Multiple change-point estimation with a total variation penalty},
  author={Harchaoui, Z. and L{\'e}vy-Leduc, C.},
  journal={Journal of the American Statistical Association},
  volume={105},
  number={492},
  pages={1480--1493},
  year={2010},
  publisher={Taylor \& Francis}
}

@article{HBW13,
  title={Stochastic variational inference.},
  author={Hoffman, M. D and Blei, D. M and Wang, C. and Paisley, J. W.},
  journal={Journal of Machine Learning Research},
  volume={14},
  number={1},
  pages={1303--1347},
  year={2013}
}

@article{HOW11,
  title={Theory of Gaussian variational approximation for a {P}oisson mixed model},
  author={Hall, P. and Ormerod, J. T and Wand, MP},
  journal={Statistica Sinica},
  pages={369--389},
  year={2011},
  publisher={JSTOR}
}

@misc{HaC71,
  title={{M}arkov fields on finite graphs and lattices},
  author={Hammersley, J. M. and Clifford, P.},
  year={1971}, 
  howpublished = {unpublished},
}

@book{Har75,
  title={Clustering algorithms (probability \& mathematical statistics)},
  author={Hartigan, John A},
  year={1975},
  publisher={John Wiley \& Sons Inc}
}

@article{HGH08,
author = {Hunter, D. R. and Goodreau, S. M. and Handcock, M. S.},
title = {Goodness of Fit of Social Network Models},
journal = {Journal of the American Statistical Association},
volume = {103},
number = {481},
pages = {248-258},
year = {2008},
doi = {10.1198/016214507000000446},
URL = {http://dx.doi.org/10.1198/016214507000000446},
eprint = {http://dx.doi.org/10.1198/016214507000000446}
}

@article{HaK10,
  title={{BaySeq: Empirical Bayesian methods for identifying differential expression in sequence count data}},
  author={Hardcastle, T. and Kelly, K.},
  journal={{BMC Bioinformatics}},
  volume={11},
  number={422},
  pages={1--15},
  year={2010}
}

@article{HCC05,
  title={Efficient computation of the hidden {M}arkov model entropy for a given observation sequence},
  author={Hernando, D. and Crespi, V. and Cybenko, G.},
  journal={IEEE transactions on information theory},
  volume={51},
  number={7},
  pages={2681--2685},
  year={2005},
  publisher={IEEE}
}

@ARTICLE{HLL83,
  author = {P. Holland and K.B. Laskey and S. Leinhardt},
  title = {Stochastic blockmodels: some first steps},
  journal = {Social networks},
  year = 1983,
  volume = 5,
  pages ={109-137}
}

@article{HoL79,
  title={Structural sociometry},
  author={Holland, P.W. and Leinhardt, S.},
  journal={Perspectives on Social Network Research},
  pages={63--83},
  year={1979},
  publisher={Academic Press New York}
}

@PhdThesis{Hoc12,
  author =  {Hocking, T.D.},
  title =  {Learning algorithms and statistical softwares, with applications to bioinformatics},
  school =  {{ENS} {C}achan},
  year =  {2012},
  OPTkey =  {},
  OPTtype =  {},
  OPTaddress =  {},
  OPTmonth =  {},
  OPTnote =  {},
  OPTannote =  {}
}

@Article{HMR99,
  author =  {Hoeting, J. A. and Madigan, D. and Raftery, A. E. and Volinsky, C. T. },
  title =  {Bayesian Model Averaging: A Tutorial},
  journal =  SS,
  year =  {1999},
  OPTkey =  {},
  volume =  {14},
  number =  {4},
  pages =  {382--417},
  OPTmonth =  {},
  OPTnote =  {},
  OPTannote =  {}
}

@PhdThesis{Hup08,
  author =  {Hup\'e, Ph.},
  title =  {Biostatistical algorithms for omics data in oncology: Application to {DNA} copy number microarray experiments},
  school =  {AgroParisTech},
  year =  {2008},
  OPTkey =  {},
  OPTtype =  {},
  OPTaddress =  {},
  OPTmonth =  {},
  OPTnote =  {},
  OPTannote =  {}
}

@Article{HDC01,
  title={Gene-expression profiles in hereditary breast cancer},
  author={Hedenfalk, I. and Duggan, D. and Chen, Y. and Radmacher, M. and Bittner, M. and Simon, R. and Meltzer, P. and Gusterson, B. and Esteller, M. and Raffeld, M. and others},
  journal={New England Journal of Medicine},
  volume={344},
  number={8},
  pages={539--548},
  year={2001},
  publisher={Mass Medical Soc}
}

@Article{HRT07,
  title={Model-based clustering for social networks},
  author={Handcock, M. S. and Raftery, A. E. and Tantrum, J. M.},
  journal={Journal of the Royal Statistical Society: Series A},
  volume={170},
  number={2},
  pages={301--354},
  year={2007},
  publisher={Wiley Online Library},
  note =  {{\tt doi: 10.1111/j.1467-985X.2007.00471.x}},
}

@Article{HRH02,
  author =  {Hoff, P. D. and Raftery, A. E. and Handcock, M. S.},
  title =  {Latent space approaches to social network analysis},
  journal =  {Journal of the American Statistical Association},
  year =  {2002},
  volume =  {97},
  number =  {460},
  pages =  {1090--98},
}

@Article{Han97,
  Title                    = {{Stabilizing selection and the comparative analysis of adaptation}},
  Author                   = {Hansen, T. F.},
  Journal                  = {Evolution},
  Year                     = {1997},
  Month                    = {oct},
  Number                   = {5},
  Pages                    = {1341--1351},
  Volume                   = {51},
}

@article{HoA13b,
	Author = {Ho, L. S. T. and An{\'e}, C.},
	Date-Modified = {2015-11-24 17:07:23 +0000},
	Journal = {Systematic Biology},
	Number = {3},
	Pages = {397--408},
	Title = {{A Linear-Time Algorithm for Gaussian and Non-Gaussian Trait Evolution Models}},
	Volume = {63},
	Year = {2013}
}

%%%%%%%%%%%%%%%%%%%%%%%%%%%%%%%%%%%%%%%%%%%%%%%%%%%%%%%
% I
@article{IYA17,
  title={A review of multivariate distributions for count data derived from the {P}oisson distribution},
  author={Inouye, D. I and Yang, E. and Allen, G. I and Ravikumar, P.},
  journal={Computational Statistics},
  volume={9},
  number={3},
  year={2017},
  publisher={Wiley Online Library}
}
%  journal={Wiley Interdisciplinary Reviews: Computational Statistics},

@TechReport{IYA16,
  title={A Review of Multivariate Distributions for Count Data Derived from the {P}oisson Distribution},
  author={Inouye, D. I. and Yang, E. and Allen, G. I. and Ravikumar, P.},
  institution={arXiv}, 
  number = {1609.00066},
  year={2016}
}

@article{Izs08,
  title={Maximum likelihood fitting of the {P}oisson log-normal distribution},
  author={Izs{\'a}k, R.},
  journal={Environmental and Ecological Statistics},
  volume={15},
  number={2},
  pages={143--156},
  year={2008},
  publisher={Springer}
}

@article{InM13,
	Author = {Ingram, T. and Mahler, D. Luke},
	Journal = {Methods in Ecology and Evolution},
	Month = {May},
	Number = {5},
	Pages = {416--425},
	Publisher = {Wiley Online Library},
	Title = {{SURFACE: Detecting Convergent Evolution from Comparative Data by Fitting Ornstein-Uhlenbeck Models with Stepwise Akaike Information Criterion}},
	Volume = {4},
	Year = {2013}
}
	
%%%%%%%%%%%%%%%%%%%%%%%%%%%%%%%%%%%%%%%%%%%%%%%%%%%%%%%
% J
@article{JuR91,
  title={Hidden Markov models for speech recognition},
  author={Juang, B. H. and Rabiner, L. R},
  journal={Technometrics},
  volume={33},
  number={3},
  pages={251--272},
  year={1991},
  publisher={Taylor \& Francis}
}

@article{JLB14,
  title={The random subgraph model for the analysis of an ecclesiastical network in Merovingian Gaul},
  author={Jernite, Y. and Latouche, P. and Bouveyron, C. and Rivera, P. and Jegou, L. and Lamass{\'e}, S},
  journal={The Annals of Applied Statistics},
  volume={8},
  number={1},
  pages={377--405},
  year={2014},
  publisher={Institute of Mathematical Statistics}
}

@article{JFS16,
  title={Deciphering the Pathobiome: Intra-and Interkingdom Interactions Involving the Pathogen {E}rysiphe alphitoides},
  author={Jakuschkin, B. and Fievet, V. and Schwaller, L. and Fort, T. and Robin, C. and Vacher, C.},
  journal={Microbial ecology},
  pages={1--11},
  year={2016},
  publisher={Springer}
}

@article{JaJ00,
  title={Bayesian parameter estimation via variational methods},
  author={Jaakkola, T. S. and Jordan, M. I.},
  journal={Statistics and Computing},
  volume={10},
  number={1},
  pages={25--37},
  year={2000},
  publisher={Springer}
}

@TechReport{Jaa00,
  author =  {T. Jaakkola},
  title =  {Tutorial on variational approximation methods},
  year =  {2000},
  OPTnote =  {{\tt people.csail.mit.edu/tommi/papers/Jaa-var-tutorial.ps}},
}

@InBook{Jaa01,
 title = {Advanced mean field methods: theory and practice},
 chapter = {Tutorial on variational approximation methods},
 publisher = {MIT Press},
 year = {2001},
 author = {T. Jaakkola},
}

@BOOK{JKK92,
         AUTHOR = "Johnson, N. L. and Kotz, S. and Kemp, A. W.",
         TITLE = "Univariate Discrete Distributions",
         PUBLISHER = {Wiley: New-York},
         YEAR = 1992
}                 

@book{JKB97,
  title={Discrete multivariate distributions},
  author={Johnson, N. L. and Kotz, S. and Balakrishnan, N.},
  volume={165},
  year={1997},
  publisher={Wiley New York}
}


@Article{JSA11,
  title={The evolution of island gigantism and body size variation in tortoises and turtles},
  author={Jaffe, A. L and Slater, G. J and Alfaro, M. E},
  journal={Biology letters},
  pages={rsbl20101084},
  year={2011},
  publisher={The Royal Society}
}

%%%%%%%%%%%%%%%%%%%%%%%%%%%%%%%%%%%%%%%%%%%%%%%%%%%%%%%
% K
@article{KaN11,
  title={Stochastic blockmodels and community structure in networks},
  author={Karrer, B. and Newman, M. EJ},
  journal={Physical review E},
  volume={83},
  number={1},
  pages={016107},
  year={2011},
  publisher={APS}
}

@article{KKR16,
  title={Fast and accurate detection of evolutionary shifts in Ornstein--Uhlenbeck models},
  author={Khabbazian, M. and Kriebel, R. and Rohe, K. and An{\'e}, C.},
  journal={Methods in Ecology and Evolution},
  volume={7},
  number={7},
  pages={811--824},
  year={2016},
  publisher={Wiley Online Library}
}

@inproceedings{KlY04,
  title={The enron corpus: A new dataset for email classification research},
  author={Klimt, B. and Yang, Y.},
  booktitle={European Conference on Machine Learning},
  pages={217--226},
  year={2004},
  organization={Springer}
}

@article{KBC15,
  title={Estimation and selection for the latent block model on categorical data},
  author={Keribin, C. and Brault, V. and Celeux, G. and Govaert, G.},
  journal={Statistics and Computing},
  volume={25},
  number={6},
  pages={1201--1216},
  year={2015},
  publisher={Springer}
}

@ARTICLE{BrM15,
  author={Brault, V. and Mariadassou, M.},
  journal={Journal de la Soci\'{e}t\'{e} Fran\c{c}aise de la Statistique},
  title={Co-clustering through Latent Bloc Model: a Review},
  year={2015},
  volume={156},
  number={3}
}

@inproceedings{Kir07,
  title={Learning with Tree-Averaged Densities and Distributions.},
  author={Kirshner, S.},
  booktitle={NIPS},
  pages={761--768},
  year={2007}
}

@TechReport{KTV16,
  title={Oracle inequalities for network models and sparse graphon estimation},
  author={Klopp, O. and Tsybakov, A.B. and Verzelen, N.},
  institution={arXiv}, 
  number = {1507.04118v2},
  year={2016}
}

@TechReport{KlL16,
  title={Lens depth function and $k$-relative neighborhood graph: versatile tools for ordinal data analysis},
  author={Kleindessner, M. and von Luxburg, U.},
  institution={arXiv}, 
  number = {1602.07194},
  year={2016}
}

@ARTICLE{KUH13,
title = {{DEXUS:} identifying differential expression in {RNA-Seq} studies with unknown condtions},
author = {Klambauer, G. and Unterthiner, T. and Hochreiter, S.},
year = {2013},
journal = {Nucleics Acids Research},
volume = {42},
number = {21},
pages = {1-11}
}

@article{Kra88,
	title={Predicting with networks: Nonparametric multiple regression analysis of dyadic data},
	author={Krackhardt, David},
	journal={Social networks},
	volume={10},
	number={4},
	pages={359--381},
	year={1988},
	publisher={Elsevier}
}

@article{KFE12,
  title={Optimal detection of changepoints with a linear computational cost},
  author={Killick, Rebecca and Fearnhead, Paul and Eckley, IA},
  journal={Journal of the American Statistical Association},
  volume={107},
  number={500},
  pages={1590--1598},
  year={2012},
  publisher={Taylor \& Francis}
}

@article{Kar05,
  title={{EM} algorithm for mixed {P}oisson and other discrete distributions},
  author={Karlis, D.},
  journal={ASTIN Bulletin: The Journal of the IAA},
  volume={35},
  number={1},
  pages={3--24},
  year={2005},
  publisher={Cambridge Univ. Press}
}

@article{Kru56,
    author = {Kruskal, Joseph B.},
    citeulike-article-id = {4031585},
    journal = {Proceedings of the American Mathematical Society},
    keywords = {efficient-algorithms},
    month = feb,
    number = {1},
    pages = {48--50},
    posted-at = {2009-02-10 18:40:13},
    priority = {2},
    publisher = {American Mathematical Society},
    title = {{On the Shortest Spanning Subtree of a Graph and the Traveling Salesman Problem}},
    volume = {7},
    year = {1956}
}


%%%%%%%%%%%%%%%%%%%%%%%%%%%%%%%%%%%%%%%%%%%%%%%%%%%%%%%
% L
@InProceedings{LRW10,
  Title                    = {Stability Approach to Regularization Selection (StARS) for High Dimensional Graphical Models},
  Author                   = {Liu, H. and Roeder, K. and Wasserman, L.},
  Booktitle                = {Proceedings of the 23rd International Conference on Neural Information Processing Systems - Volume 2},
  Year                     = {2010},

  Address                  = {USA},
  Pages                    = {1432--1440},
  Publisher                = {Curran Associates Inc.},
  Series                   = {NIPS'10},

  Acmid                    = {2997056},
  Location                 = {Vancouver, British Columbia, Canada},
  Numpages                 = {9},
  Owner                    = {mmariadasso},
  Timestamp                = {2018.04.24},
  Url                      = {http://dl.acm.org/citation.cfm?id=2997046.2997056}
}

@TechReport{LeG16,
  title={Blockmodels: A {R}-package for estimating in Latent Block Model and Stochastic Block Model, with various probability functions, with or without covariates},
  author={L{\'e}ger, J.-B.},
  institution={arXiv:1602.07587},
  year={2016}
}

@TechReport{LFM16,
  author = 	 {Lee, W and Fosdick, B. K and  McCormick, T. H},
  title = 	 {Inferring social structure from continuous-time interaction data},
  institution =  {arXiv:1609.02629},
  year = 	 2016,
}

@article{LXZ08,
  title={Stochastic segmentation models for array-based comparative genomic hybridization data analysis},
  author={Lai, T. L. and Xing, H. and Zhang, N.},
  journal={Biostatistics},
  volume={9},
  number={2},
  pages={290--307},
  year={2008},
  publisher={Biometrika Trust}
}

@TechReport{LDS16,
   author = {{Liu}, L.~T. and {Dobriban}, E. and {Singer}, A.},
    title = "{$e$PCA: High Dimensional Exponential Family PCA}",
  institution = {arXiv}, 
  number = {1611.05550},
}

@inproceedings{LiT10,
  title={Simple exponential family {PCA}.},
  author={Li, J. and Tao, D.},
  booktitle={AISTATS},
  pages={453--460},
  year={2010}
}

@TechReport{Laf15,
  title={Low rank matrix completion with exponential family noise},
  author={Lafond, J.},
  institution={arXiv}, 
  number = {1502.06919},
  year={2015}
}

@techreport{LaL15,
  title={Generalized principal component analysis: Projection of saturated model parameters},
  author={Landgraf, A. J and Lee, Y.},
  year={2015},
  institution={Technical Report 892, Department of Statistics, The Ohio State University}
}

@inproceedings{LeS01,
  title={Algorithms for non-negative matrix factorization},
  author={Lee, D. D and Seung, H S.},
  booktitle={Advances in neural information processing systems},
  pages={556--562},
  year={2001}
}

@phdthesis{Lan15,
  title={Generalized Principal Component Analysis: Dimensionality Reduction through the Projection of Natural Parameters},
  author={Landgraf, A. J},
  year={2015},
  school={The Ohio State University}
}

@article{Lux07,
  title={A tutorial on spectral clustering},
  author={Von Luxburg, U.},
  journal={Statistics and computing},
  volume={17},
  number={4},
  pages={395--416},
  year={2007},
  publisher={Springer}
}

@article{LLK08,
  title={Determination of tag density required for digital transcriptome analysis: application to an androgen-sensitive prostate cancer model},
  author={Li, H. and Lovci, M. T. and Kwon, Y. S. and Rosenfeld, M. G. and Fu, X. D. and Yeo, G. W.},
  journal={Proceedings of the National Academy of Sciences},
  volume={105},
  number={51},
  pages={20179--20184},
  year={2008},
  publisher={National Acad Sciences}
}

@article{LiT13,
  title={Finding consistent patterns: a nonparametric approach for identifying differential expression in {RNA-Seq} data},
  author={Li, J. and Tibshirani, R.},
  journal={Statistical Methods in Medical Research},
  volume={22},
  number={5},
  pages={519--523},
  year={2013}
}

@article{LNM12,
  title={Detecting differential expression in {RNA}-sequence data using quasi-likelihood with shrunken dispersion estimates},
  author={Lund, S.P. and Nettleton, D. and {McCarthy}, D.J. and Smyth, G.K.},
  journal={Statistical applications in genetics and molecular biology},
  volume={11},
  number={5},
  pages={8},
  year={2012}
}

@article{LiT13,
  title={Finding consistent patterns: a nonparametric approach for identifying differential expression in {RNA-Seq} data},
  author={Li, J. and Tibshirani, R.},
  journal={Statistical Methods in Medical Research},
  volume={22},
  number={5},
  pages={519--523},
  year={2013}
}

@article{Lov14,
  title={Moderated estimation of fold change and dispersion for {RNA}-Seq data with {DESeq2}},
  author={Love, M.I. and Huber, W. and Anders, S.},
  journal={Genome Biology},
  volume={15},
  pages={550},
  year={2014}
}

@article{Law15,
  title={Voom: precision weights unlock linear model analysis tools for {RNA}-Seq read counts},
  author={Law, C.W. and Chen, Y. and Shi, W. and Smyth, G.K.},
  journal={Genome Biology},
  volume={15},
  pages={R29},
  year={2014}
}

@article{Lar14,
	author = "Nicolas Lartillot",
	bdsk-url-1 = "http://dx.doi.org/10.1093/bioinformatics",
	date-modified = "2015-11-24 17:19:56 +0000",
	journal = "Bioinformatics",
	number = "4",
	pages = "488--496",
	title = "{A Phylogenetic {Kalman} Filter for Ancestral Trait Reconstruction Using Molecular Data}",
	volume = "30",
	year = "2014"
}

@Article{LDM14,
   author = {{L\'evy-Leduc}, C. and {Delattre}, M. and {Mary-Huard}, T. and {Robin}, S.},
    title = "{Two-dimensional segmentation for analyzing HiC data}",
  journal={Bioinformatics},
  volume={30},
  number={17},
  pages={i386--i392},
  year={2014},
  publisher={Oxford University Press}
}

@Article{LBB08,
author="von Luxburg, Ulrike and Belkin, Mikhail and Bousquet, Olivier",
title="{Consistency of spectral clustering.}",
language="English",
journal="Ann. Stat. ",
volume="36",
number="2",
pages="555-586",
year="2008",
doi={10.1214/009053607000000640},
keywords="{spectral clustering; graph Laplacian; consistency; convergence of
    eigenvectors}",
}

@Article{LeM06,
  author = {Lebarbier, E. and Mary-Huard, T.},
  title =  {Une introduction au crit\`ere {BIC}~: fondements th\'eoriques et interpr\'etation},
  journal =  {J. Soc. Fran\c{c}aise Statis.},
  year =  {2006},
  volume =  {147},
  number =  {1},
  pages =  {39--57},
}

@Article{Lou82,
  title={Finding the observed information matrix when using the {EM} algorithm},
  author={Louis, T.A},
  journal={Journal of the Royal Statistical Society. Series B},
  pages={226--233},
  year={1982},
  publisher={JSTOR}
}

@TechReport{LRO15,
   author = {{Latouche}, P. and {Robin}, S. and {Ouadah}, S.},
    title = "{Goodness of fit of logistic models for random graphs}",
  institution = {arXiv}, 
  number = {1508.00286},
    year = 2015,
}

@article{LRO17,
  author = {Latouche, P. and Robin, S. and Ouadah, S.},
  title={Goodness of fit of logistic regression models for random graphs},
  journal={Journal of Computational and Graphical Statistics},
  number={just-accepted},
  year={2017},
  publisher={Taylor \& Francis}
doi = {10.1080/10618600.2017.1349663},
URL = {http://dx.doi.org/10.1080/10618600.2017.1349663},
eprint = {http://dx.doi.org/10.1080/10618600.2017.1349663}
}

@article{LRO18,
  author = {Latouche, P. and Robin, S. and Ouadah, S.},
  title = {Goodness of Fit of Logistic Regression Models for Random Graphs},
  journal = {Journal of Computational and Graphical Statistics},
  volume = {27},
  number = {1},
  pages = {98-109},
  year  = {2018},
  publisher = {Taylor & Francis},
  doi = {10.1080/10618600.2017.1349663},
  URL = {https://doi.org/10.1080/10618600.2017.1349663},
  eprint = {https://doi.org/10.1080/10618600.2017.1349663}
}


@Article{LBA11,
author="Latouche, P. and Birmel\'e, E. and Ambroise, C.",
title="{Overlapping stochastic block models with application to the French
    political blogosphere.}",
language="English",
journal="Ann. Appl. Stat. ",
volume="5",
number="1",
pages="309-336",
year="2011",
doi={10.1214/10-AOAS382},
keywords="{random graph models; blockmodels; overlapping clusters; global and local variational techniques}",
}

@techreport{LaR13,
   author = {{Latouche}, P. and {Robin}, S},
    title = {{B}ayesian Model Averaging of Stochastic Block Models to Estimate the Graphon Function and Motif Frequencies in a {$W$}-graph Model},
   institution = {arXiv}, 
  number = {1310.6150},
     year = 2013,
     note = {\sl to appear in Stat. Comput.},
}

@article{LaR16,
  title={Variational Bayes model averaging for graphon functions and motif frequencies inference in {$W$}-graph models},
  author={Latouche, P. and Robin, S.},
  journal={Statistics and Computing},
  volume={26},
  number={6},
  pages={1173--1185},
  year={2016},
  publisher={Springer}
}

@Article{LBA12,
  author = 	 {{Latouche}, P. and {Birmel\'e}, E. and {Ambroise}, C.},
  title = 	 {Variational Bayesian Inference and Complexity Control for Stochastic Block Models},
  journal = 	 {Statis. Model.},
  year = 	 {2012},
  volume = 	 {12},
  number = 	 {1},
  pages = 	 {93--115},
}

@Article{LLR16,
author="Legrand, Jonathan
and L{\'e}ger, Jean-Benoist
and Robin, St{\'e}phane
and Vernoux, Teva
and Gu{\'e}don, Yann",
title="Modelling the influence of dimerisation sequence dissimilarities on the auxin signalling network",
journal="BMC Systems Biology",
year="2016",
volume="10",
number="1",
pages="1--17",
issn="1752-0509",
doi="10.1186/s12918-016-0254-7",
OPTurl="http://dx.doi.org/10.1186/s12918-016-0254-7"
}

@inproceedings{Lyu11,
  added-at = {2012-03-23T00:00:00.000+0100},
  author = {Lyu, Siwei},
  biburl = {http://www.bibsonomy.org/bibtex/2f299d3ee70648184a03f93a39f9fcdd5/dblp},
  booktitle = {NIPS},
  editor = {Shawe-Taylor, John and Zemel, Richard S. and Bartlett, Peter L. and Pereira, Fernando C. N. and Weinberger, Kilian Q.},
  keywords = {dblp},
  pages = {64-72},
  timestamp = {2012-03-23T00:00:00.000+0100},
  title = {Unifying Non-Maximum Likelihood Learning Objectives with Minimum {KL} Contraction.},
  url = {http://dblp.uni-trier.de/db/conf/nips/nips2011.html#Lyu11},
  year = 2011
}

@article{LoS06,
title = "Limits of dense graph sequences",
author = "Lov\'asz, L. and Szegedy, B.",
journal = "Journal of Combinatorial Theory, Series B ",
volume = "96",
number = "6",
pages = "933 - 957",
year = "2006",
note = "",
issn = "0095-8956",
doi = "http://dx.doi.org/10.1016/j.jctb.2006.05.002",
url = "http://www.sciencedirect.com/science/article/pii/S0095895606000517",
keywords = "Graph homomorphism",
keywords = "Convergent graph sequence",
keywords = "Limit",
keywords = "Quasirandom graph "
}

@Book{Lau96,
  author =  {Lauritzen, S. L.},
  title =  {Graphical Models},
  publisher =  {Clarendon Press},
  year =  {1996},
  series =  {Oxford Statistical Science Series},
}

@Article{LaM00,
  author ={Lavielle, M. and Moulines, E.},
  title ="Least-squares estimation of an unknown number of shifts in a time series",
  journal ="Journal of time series analysis",
  year = "2000",
  pages={33-59},
  volume={21},
  number={1}
}

%%%%%%%%%%%%%%%%%%%%%%%%%%%%%%%%%%%%%%%%%%%%%%%%%%%%%%%
% M
@article{MSI02,
  title={Network motifs: simple building blocks of complex networks},
  author={Milo, R. and Shen-Orr, S. and Itzkovitz, S. and Kashtan, N. and Chklovskii, D. and Alon, U.},
  journal={Science},
  volume={298},
  number={5594},
  pages={824--827},
  year={2002},
  publisher={American Association for the Advancement of Science}
}

@Article{MRV17,
  author = 	 {Matias, C. and Rebafka, T. and Villers, F.},
  title = 	 {A semiparametric extension of the stochastic block model for longitudinal networks},
  journal = 	 {Biometrika},
  year = 	 {2018},
  note = 	 {arXiv:1512.07075},
}

@inproceedings{MWJ99,
  title={Loopy belief propagation for approximate inference: An empirical study},
  author={Murphy, K. P and Weiss, Y. and Jordan, M. I},
  booktitle={Proceedings of the Fifteenth conference on Uncertainty in artificial intelligence},
  pages={467--475},
  year={1999},
  organization={Morgan Kaufmann Publishers Inc.}
}

@inproceedings{Min01,
  title={Expectation propagation for approximate {B}ayesian inference},
  author={Minka, T. P},
  booktitle={Proceedings of the Seventeenth conference on Uncertainty in artificial intelligence},
  pages={362--369},
  year={2001},
  organization={Morgan Kaufmann Publishers Inc.}
}

@PhdThesis{Mur02,
 author = {Murphy, K. P},
 title = {Dynamic {B}ayesian networks: representation, inference and learning},
 school = {University of California, Berkeley},
 year = {2002},
}

@article{MIR13,
  title={Exceptional convergence on the macroevolutionary landscape in island lizard radiations},
  author={Mahler, D L and Ingram, T and Revell, L J and Losos, J B},
  journal={Science},
  volume={341},
  number={6143},
  pages={292--295},
  year={2013},
  publisher={American Association for the Advancement of Science}
}

@techreport{Mac97,
  title={Ensemble learning for hidden {M}arkov models},
  author={MacKay, David JC},
  institution={Cavendish Lab}, 
  year = {1997}
}


@article{MBP10,
  title={Online learning for matrix factorization and sparse coding},
  author={Mairal, J. and Bach, F. and Ponce, J. and Sapiro, G.},
  journal={Journal of Machine Learning Research},
  volume={11},
  number={Jan},
  pages={19--60},
  year={2010}
}

@article{MKD08,
  title={A multivariate Poisson-lognormal regression model for prediction of crash counts by severity, using Bayesian methods},
  author={Ma, J. and Kockelman, K. M and Damien, P.},
  journal={Accident Analysis \& Prevention},
  volume={40},
  number={3},
  pages={964--975},
  year={2008},
  publisher={Elsevier}
}

@TechReport{MRV15,
  title={A semiparametric extension of the stochastic block model for longitudinal networks},
  author={Matias, C. and Rebafka, T. and Villers, F.},
  institution={arXiv}, 
  number = {1512.07075},
  year={2015}
}

@article{MaM16,
  author = {Matias, C. and Miele, V.},
  title = {Statistical clustering of temporal networks through a dynamic stochastic block model},
  journal = {Journal of the Royal Statistical Society: Series B},
  issn = {1467-9868},
  url = {http://dx.doi.org/10.1111/rssb.12200},
  doi = {10.1111/rssb.12200},
  pages = {n/a--n/a},
  keywords = {Contact network, Dynamic random graph, Graph clustering, Stochastic block model,
  Variational expectation-maximization},
  year = {2016},
  }

@article{MaM17,
  author = {Matias, C. and Miele, V.},
  title={Statistical clustering of temporal networks through a dynamic stochastic block model},
  journal={Journal of the Royal Statistical Society: Series B (Statistical Methodology)},
  volume={79},
  number={4},
  pages={1119--1141},
  year={2017},
  publisher={Wiley Online Library}
}

@article{MBE15,
  title={Early-life establishment of the swine gut microbiome and impact on host phenotypes},
  author={Mach, N. and Berri, M. and Estell{\'e}, J. and Levenez, F. and Lemonnier, G. and Denis, C. and Leplat, J.-J. and Chevaleyre, C. and Billon, Y. and Dor{\'e}, J. and Rogel-Gaillard, C. and Lepage, P.},
  journal={Environmental microbiology reports},
  volume={7},
  number={3},
  pages={554--569},
  year={2015},
  publisher={Wiley Online Library}
}

@Book{McN89,
  title={Generalized Linear Models}, 
  number={37},
  series={Monograph on Statistics and Applied Probability},
  author={McCullagh, P. and Nelder, J.A.},
  year={1989},
  publisher={Chapman \& Hall,}
}

@Article{McT07,
  author =  {McGrory, C. A. and Titterington, D. M.},
  title =  {Variational approximations in {B}ayesian model selection for finite mixture distributions}, 
  journal =  {Computational Statistics \& Data Analysis},
  year =  {2007},
  volume =  {51},
  pages =  {5332-67},
}

@article{McH13,
   author = {McMurdie, P. and Holmes, S.},
   journal = {PLoS ONE},
   pages = {e61217},
   title = {phyloseq: An {R} package for reproducible interactive analysis and graphics of microbiome census data},
   volume = {8},
   number = {4},
   year = {2013},
   url = {http://dx.plos.org/10.1371/journal.pone.0061217},
 }

@inproceedings{MGH09,
  title={Bayesian exponential family {PCA}},
  author={Mohamed, S. and Ghahramani, Z. and Heller, K. A},
  booktitle={Advances in neural information processing systems},
  pages={1089--1096},
  year={2009}
}

@inproceedings{Min00,
  title={Automatic choice of dimensionality for {PCA}},
  author={Minka, T. P},
  booktitle={NIPS},
  volume={13},
  pages={598--604},
  year={2000}
}

@article{MeB06,
  title={High-dimensional graphs and variable selection with the lasso},
  author={Meinshausen, N. and B{\"u}hlmann, P.},
  journal={The {A}nnals of {S}tatistics},
  pages={1436--1462},
  year={2006},
  publisher={JSTOR}
}

@Book{MKB79,
  author = 	 {Mardia, K.V. and Kent, J.T. and Bibby, J.M.},
  title = 	 {Multivariate analysis},
  publisher = 	 {Academic press},
  year = 	 {1979}
}

@Book{MaR07,
  author =  {J.-M. Marin and Ch. P. Robert},
  title =  {Bayesian Core: A Practical Approach to Computational Bayesian Statistics},
  publisher =  {Springer-Verlag: New-York},
  year =  {2007},
}

@ARTICLE{McC12,
title = {Differential expression analysis of
multifactor {RNA}-seq experiments with respect to biological
variation},
author = {McCarthy, D.J. and Chen, Y. and Smyth, G.K.},
year = {2012},
journal = {Nucleics Acids Research},
volume = {40},
number = {10},
pages = {4288-4297}
}

@article{MaM15,
  title={Convergence of the groups posterior distribution in latent or stochastic block models},
  author={Mariadassou, M. and Matias, C.},
  journal={Bernoulli},
  volume={21},
  number={1},
  pages={537--573},
  year={2015},
  publisher={Bernoulli Society for Mathematical Statistics and Probability}
}

@BOOK{MaP00,
   author = {McLahan, G. and Peel, D.},
   title= {Finite Mixture Models},
   publisher = {Wiley},
   year = {2000}
   }

@article{MRV10,
  title={Uncovering latent structure in valued graphs: a variational approach},
  author={Mariadassou, M. and Robin, S. and Vacher, C.},
  journal={The Annals of Applied Statistics},
  pages={715--742},
  year={2010},
  publisher={JSTOR}
}

@article{MeJ06,
 author = {Meil\u{a}, M. and Jaakkola, T.},
 title = {Tractable Bayesian learning of tree belief networks},
 journal = {Statistics and Computing},
 issue_date = {March 2006},
 month = mar,
 year = {2006},
 keywords = {Bayesian, Decomposable prior, Graphical model, Matrix tree theorem, Spanning tree, Tree belief network},
} 

@TechReport{Min05,
  author =  {Tom Minka},
  title =  {Divergence measures and message passing},
  institution =  {Microsoft Research Ltd},
  year =  {2005},
  number =  {MSR-TR-2005-173},
  url =  {{\tt ftp://ftp.research.microsoft.com/pub/tr/TR-2005-173.pdf}}
  }

@article{MaR14,
	author = {Matias, C. and Robin, S.},
	title = {Modeling heterogeneity in random graphs through latent space models: a selective review},
	DOI= "10.1051/proc/201447004",
	url= "http://dx.doi.org/10.1051/proc/201447004",
	journal = {ESAIM: Proc.},
	year = 2014,
	volume = 47,
	pages = "55--74",
	annote = {type:ACL author:Robin}
}

%%%%%%%%%%%%%%%%%%%%%%%%%%%%%%%%%%%%%%%%%%%%%%%%%%%%%%%
% M

%%%%%%%%%%%%%%%%%%%%%%%%%%%%%%%%%%%%%%%%%%%%%%%%%%%%%%%
% N
@article{Nea01,
  author = {Neal, R. M},
  doi = {10.1023/A:1008923215028},
  issn = {1573-1375},
  journal = {Statistics and Computing},
  number = {2},
  pages = {125--139},
  title = {{Annealed importance sampling}},
  url = {http://dx.doi.org/10.1023/A:1008923215028},
  volume = {11},
  year = {2001}
}

@article{Nel85,
  title={Multivariate gamma-{P}oisson models},
  author={Nelson, J. F},
  journal={Journal of the American Statistical Association},
  volume={80},
  number={392},
  pages={828--834},
  year={1985},
  publisher={Taylor \& Francis Group}
}

@PhdThesis{Nic06,
author = 	 {Nickel, C.L.M.},
title = 	 {Random dot product graphs: A model for social networks},
school = 	 {Johns Hopkins University},
year = 	 2006,
}


@Article{New04,
  author =  {Newman, M. E. J.},
  title = {Fast algorithm for detecting community structure in networks},
  journal =  {Phys. Rev.},
  year =  {2004},
  volume =  {E},
  number =  {69},
  pages =  {066133}
}

@Article{NeG04,
  author =  {Newman, M. and Girvan, M. },
  title =  {Finding and evaluating community structure in networks, },
  journal =  {Phys. Rev. E},
  year =  {2004},
  volume =  {69},
  pages =  {026113},
}

@article{New03,
  title={The structure and function of complex networks},
  author={Newman, M. EJ},
  journal={SIAM review},
  volume={45},
  number={2},
  pages={167--256},
  year={2003},
  publisher={SIAM}
}

@PhdThesis{Nic03,
 author = {Nicolas, P.},
 title = {Mise au point et utilisation de mod`eles de cha\^ines de {M}arkov cach\'es pour l'\'etude des s\'equences d'{ADN}},
 school = {univ. Evry},
 year = {2003},
}

@inproceedings{NPK11,
  added-at = {2011-12-15T00:00:00.000+0100},
  author = {Niinimaki, T. and Parviainen, P. and Koivisto, M.},
  booktitle = {UAI},
  editor = {Cozman, F. G. and Pfeffer, A.},
  title = {Partial Order {MCMC} for Structure Discovery in Bayesian Networks.},
  year = 2011
}

@Article{NoS01,
  author =  {Nowicki, K. and Snijders, T.A.B.},
  title={Estimation and prediction for stochastic blockstructures},
  journal={Journal of the American {S}tatistical {A}ssociation},
  volume={96},
  number={455},
  pages={1077--1087},
  year={2001},
  publisher={Taylor \& Francis}
}

%%%%%%%%%%%%%%%%%%%%%%%%%%%%%%%%%%%%%%%%%%%%%%%%%%%%%%%
% O
@TechReport{ORP15,
   author = {{Ouadah}, S. and {Robin}, S. and {Latouche}, P.},
    title = "{Degree-based goodness-of-fit tests for heterogeneous random graph models : independent and exchangeable cases}",
  institution = {arXiv:1507.08140},
     year = 2015,
}

@article{OrW10,
  title={Explaining variational approximations},
  author={Ormerod, J. T and Wand, M. P},
  journal={The American Statistician},
  volume={64},
  number={2},
  pages={140--153},
  year={2010},
  publisher={Taylor \& Francis}
}

@article{OlW14,
  title={Network histograms and universality of blockmodel approximation},
  author={Olhede, S.C. and Wolfe, P.J.},
  journal={Proceedings of the National Academy of Sciences},
  volume={111},
  number={41},
  pages={14722--14727},
  year={2014},
  publisher={National Acad Sciences}
}

@InBook{OpW01,
  author =  {Opper, M. and Winther, O.},
  title =  {Advanced mean field methods: Theory and practice},
  chapter =  {From Naive Mean Field Theory to the TAP Equations},
  publisher =  {The {MIT} Press},
  year =  {2001},
}


%%%%%%%%%%%%%%%%%%%%%%%%%%%%%%%%%%%%%%%%%%%%%%%%%%%%%%%
% P
@Article{PLC18,
 author={Perrot-Dock{\`e}s, M. and L{\'e}vy-Leduc, C., Chiquet, J. and Sansonnet, L. and Br{\'e}g{\`e}re, M. and {\'e}tienne, M.-P. and Robin, S. and Genta-Jouve, G.},
 title = {A variable selection approach in the multivariate linear model: an application to {LC-MS} metabolomics},
 journal = {Statistical Applications in Genetics and Molecular Biology},
 year = {2018},
 pages = {{\it to appear}},
 note = {doi:10.1515/sagmb-2017-0077}
}

@article{Pea86,
  title={Fusion, propagation, and structuring in belief networks},
  author={Pearl, J.},
  journal={Artificial intelligence},
  volume={29},
  number={3},
  pages={241--288},
  year={1986},
  publisher={Elsevier}
}

@TechReport{PeP12,
 author = {Petersen, K. B. and Pedersen, M. S.},
 title = {The Matrix Cookbook},
 institution = {Technical University of Denmark},
 year = {2012},
 month = {November 15},
 note = {{\tt www.math.uwaterloo.ca/hwolkowi/matrixcookbook.pdf}},
 url = {www.math.uwaterloo.ca/hwolkowi/matrixcookbook.pdf},
}

@article{PaL07,
  title={Multivariate Poisson-lognormal models for jointly modeling crash frequency by severity},
  author={Park, E. and Lord, D.},
  journal={Transportation Research Record: Journal of the Transportation Research Board},
  number={2019},
  pages={1--6},
  year={2007},
  publisher={Transportation Research Board of the National Academies}
}

@Article{PLB11,
  author =  {Picard, F. and Lebarbier, E. and Budinska, E. and Robin, S.},
  title =  {Joint segmentation of multivariate Gaussian processes using mixed linear models},
  journal =  {Computational Statistics \& Data Analysis},
  year =  {2011},
  volume =  {55},
  number =  {2},
  pages =  {1160-70},
  annote =      {type:ACL author:Lebarbier author:Robin}
}

@Article{PLH11,
  title={Joint segmentation, calling, and normalization of multiple CGH profiles},
  author={Picard, F. and Lebarbier, E. and Hoebeke, M. and Rigaill, G. and Thiam, B. and Robin, S.},
  journal={Biostatistics},
  pages={413-28},
  year={2011},
  volume =  {12},
  number =  {3},
  publisher={Biometrika Trust},
  annote = {type:ACL author:Lebarbier author:Robin author:Rigaill}
}

@article{PaW99,
title={Logit models and logistic regressions for social networks: II. Multivariate relations},
author={Pattison, P. and Wasserman, S.},
journal={British Journal of Mathematical and Statistical Psychology},
volume={52},
number={2},
pages={169--193},
year={1999},
publisher={Wiley Online Library}
}

@InBook{PaR07,
  author =  {Pattison, P. E. and Robins, G. L. },
  title =  {Handbook of Probability Theory with Applications},
  chapter =  {Probabilistic Network Theory},
  publisher =  {Sage Publication},
  year =  {2007}
}

@Article{PMD09,
  author =  {Picard, F. and Miele, V. and Daudin, J.-J. and Cottret, L. and Robin, S.}, 
  title =  {Deciphering the connectivity structure of biological networks using MixNet},
  journal =  {BMC Bioinformatics},
  year =  {2009},
  key =  {10},
  volume =  {Suppl 6},
  pages =  {S17},
  note =  {{\tt doi:10.1186/1471-2105-10-S6-S17}},
  annote =  {}
}

@Article{PDK08,
  author =  {Picard, F. and Daudin, J.-J. and Koskas, M. and Schbath, S. and Robin, S.}, 
  title =  {Assessing the exceptionality of network motifs,},
  journal =  JCB,
  year =  {2008},
  volume =  {15},
  number =  {1},
  pages =  {1--20},
}

%%%%%%%%%%%%%%%%%%%%%%%%%%%%%%%%%%%%%%%%%%%%%%%%%%%%%%%
% Q

%%%%%%%%%%%%%%%%%%%%%%%%%%%%%%%%%%%%%%%%%%%%%%%%%%%%%%%
% R
@article{RSF15,
  title={Similar but different: dynamic social network analysis highlights fundamental differences between the fission-fusion societies of two equid species, the onager and {G}revy's zebra},
  author={Rubenstein, D. I and Sundaresan, S. R and Fischhoff, I. R and Tantipathananandh, C. and Berger-Wolf, T. Y},
  journal={PloS one},
  volume={10},
  number={10},
  pages={e0138645},
  year={2015},
  publisher={Public Library of Science}
}

@article{RPK07,
  title={An introduction to exponential random graph ($p^*$) models for social networks},
  author={Robins, G. and Pattison, P. and Kalish, Y. and Lusher, D.},
  journal={Social networks},
  volume={29},
  number={2},
  pages={173--191},
  year={2007},
  publisher={Elsevier}
}

@article{Rev09,
  title={Size-correction and principal components for interspecific comparative studies},
  author={Revell, L. J.},
  journal={Evolution},
  volume={63},
  number={12},
  pages={3258--3268},
  year={2009},
  publisher={Wiley Online Library}
}

@article{RBS15,
  title={Similar but different: Dynamic social network analysis highlights fundamental differences between the fission-fusion societies of two equid species, the onager and Grevy's zebra},
  author={Rubenstein, D. I and Sundaresan, S. R and Fischhoff, I. R and Tantipathananandh, C. and Berger-Wolf, T. Y},
  journal={PloS one},
  volume={10},
  number={10},
  pages={e0138645},
  year={2015},
  publisher={Public Library of Science}
}

@Article{RoF14,
    title = {Testing environmental and genetic effects in the presence of spatial autocorrelation},
    author = {Rousset, F.and Ferdy, J.-F.},
    journal = {Ecography},
    year = {2014},
    volume = {37},
    number = {8},
    pages = {781-790},
    url = {http://dx.doi.org/10.1111/ecog.00566},
  }

@misc{Rou16,
  title={An introduction to the {spaMM} package for mixed models},
  author={Rousset, F.},
  year={2016}
}

@TechReport{RAR17,
  title={Graphical model inference with unobserved variables via latent tree
aggregation},
  author={{Robin}, G. and {Ambroise}, C. and {Robin}, S.},
  institution={arXiv:1705.09464},
  year={2017}
}

@Article{RAR18,
 author={{Robin}, G. and {Ambroise}, C. and {Robin}, S.},
title ={Incomplete graphical model inference via latent tree aggregation},
 journal = {Statistical Modelling},
 year = {2018},
 doi = {10.1177/1471082X18786289},
 URL = {https://doi.org/10.1177/1471082X18786289},
 pages = {{\it to appear}}
}

@Manual{R,
    title = {R: A Language and Environment for Statistical Computing},
    author = {{R Core Team}},
    organization = {R Foundation for Statistical Computing},
    address = {Vienna, Austria},
    year = {2015},
    url = {https://www.R-project.org/},
}

@article{RoW05,
  title={Efficient statistical mapping of avian count data},
  author={Royle, J A. and Wikle, C. K},
  journal={Environmental and Ecological Statistics},
  volume={12},
  number={2},
  pages={225--243},
  year={2005},
  publisher={Springer}
}

@article{RCY11,
  title={Spectral clustering and the high-dimensional stochastic blockmodel},
  author={Rohe, K. and Chatterjee, S. and Yu, B.},
  journal={The {A}nnals of {S}tatistics},
  pages={1878--1915},
  year={2011},
  publisher={JSTOR}
}

@MastersThesis{Rob16,
 author = {Robin, G.},
 title = {Inf\'erence de r\'eseaux parcimonieux en pr\'esence de variables inobserv\'ees},
 school = {univ. Paris-Saclay},
 year = {2016},
}

@article{RMS10,
  title={{edgeR}: a Bioconductor package for differential expression analysis of digital gene expression data},
  author={Robinson, M. D. and McCarthy, D. J. and Smyth, G. K.},
  journal={Bioinformatics},
  volume={26},
  number={1},
  pages={139--140},
  year={2010},
  publisher={Oxford Univ Press}
}


@article{RoS08,
author = {Robinson, M. D. and Smyth, G. K.},
title = {Small-sample estimation of negative binomial dispersion, with application to {SAGE} data},
volume = {9},
pages = {321-332},
year = {2008},
journal = {Biostatistics}
}

@ARTICLE{Rob10,
title = {{A scaling normalizazion method for differential expression analysis of RNA-seq data}},
author = {Robinson, M. D. and Oshlack, A.},
year = {2010},
journal = {Genome Biology},
volume = {11},
pages = {R25}
}

@PhdThesis{Rig11,
  author =  {Rigaill, G.},
  title =  {Statistical and algorithmic developments for the analysis of {T}riple {N}egative {B}reast {C}ancers},
  school =  {ABIES},
  year =  {2011},
  OPTkey =  {},
  OPTtype =  {},
  OPTaddress =  {},
  OPTmonth =  {},
  OPTnote =  {},
  OPTannote =  {}
}

@Article{RPW02,
   Author="Rosenberg, N. A.  and Pritchard, J. K.  and Weber, J. L.  and Cann, H. M.  and Kidd, K. K.  and Zhivotovsky, L. A.  and Feldman, M. W. ",
   Title="{{G}enetic structure of human populations}",
   Journal="Science",
   Year="2002",
   Volume="298",
   Number="5602",
   Pages="2381--2385",
   Month="Dec"
}

@Article{RLR11,
  author =  {Rigaill, G. and Lebarbier, E. and Robin, S.},
  title =  {Exact posterior distributions over the segmentation space and model selection for multiple change-point detection problem},
  journal = {Stat. Comp.},
  year =  {2011},
  volume = {22}, 
  pages = {917--29},
  note = {DOI: 10.1007/s11222-011-9258-8},
  annote = {type:INV author:Rigaill author:Lebarbier author:Robin},
}

%%%%%%%%%%%%%%%%%%%%%%%%%%%%%%%%%%%%%%%%%%%%%%%%%%%%%%%
% S
@techreport{Sze75,
  title={Regular partitions of graphs},
  author={Szemer{\'e}di, E.},
  year={1975},
  institution={Sanford univ Calif dept of Computer Science}
}

@TechReport{SCB18,
  title={Uncovering indirect interactions in bipartite ecological networks},
  author={Simmons, B.I. and Cirtwill, A. and Baker, N. and Dicks, L.V. and Stouffer, D.B. and Sutherland, W.J.},
  institution={bioRxiv:315010},
  year={2018},
  publisher={Cold Spring Harbor Laboratory}
}

@article{SBG09,
  title={$\ell_1$-penalization for mixture regression models},
  author={St{\"a}dler, N. and B{\"u}hlmann, P. and van de Geer, S.},
  journal={Test},
  volume={19},
  number={2},
  pages={209--256},
  year={2010},
  publisher={Springer}
}

@techreport{See08,
  title={Expectation propagation for exponential families},
  author={Seeger, Matthias},
  year={2008},
  institution={univ. Berkeley, CA}
}

@InCollection{Sha88,
 author = {Shaban, S. A},
 title = {Poisson-lognormal distributions},
 booktitle = {Lognormal distributions: theory and applications},
 pages={195--210},
 publisher = {Marcel Dekker: New York and Basel},
 year = {1988},
 editor = {Crow, E. L and Shimizu, K.},
}

@article{SCJ09,
  title={Model-based clustering of array CGH data},
  author={Shah, S. P and Cheung Jr, K.-J. and Johnson, N. A and Alain, G. and Gascoyne, R. D and Horsman, D. E and Ng, R. T and Murphy, K. P},
  journal={Bioinformatics},
  volume={25},
  number={12},
  pages={i30--i38},
  year={2009},
  publisher={Oxford University Press}
}

@article{SVB13,
  title={High-resolution measurements of face-to-face contact patterns in a primary school},
  author={Stehl{\'e}, J. and Voirin, N. and Barrat, A. and Cattuto, C. and Isella, L. and Pinton, J.-F. and Quaggiotto, M. and Van den Broeck, W. and R{\'e}gis, C. and Lina, B. and Vanhems, P.},
  journal={PloS one},
  volume={6},
  number={8},
  pages={e23176},
  year={2011},
  publisher={Public Library of Science}
}

@article{SCA14,
  title={Across-year social stability shapes network structure in wintering migrant sparrows},
  author={Shizuka, D. and Chaine, A. S and Anderson, J. and Johnson, O. and Laursen, I. M. and Lyon, B. E},
  journal={Ecology letters},
  volume={17},
  number={8},
  pages={998--1007},
  year={2014},
  publisher={Wiley Online Library}
}

@article{ScS06,
  title={A fast and flexible statistical model for large-scale population genotype data: applications to inferring missing genotypes and haplotypic phase},
  author={Scheet, P. and Stephens, M.},
  journal={The American Journal of Human Genetics},
  volume={78},
  number={4},
  pages={629--644},
  year={2006},
  publisher={Elsevier}
}

@article{ShZ12,
  title={Change-point model on nonhomogeneous {P}oisson processes with application in copy number profiling by next-generation {DNA} sequencing},
  author={Shen, J. J. and Zhang, N. R.},
  journal={The Annals of Applied Statistics},
  pages={476--496},
  year={2012},
  publisher={JSTOR}
}

@phdthesis{Sch16,
  TITLE = {{Exact Bayesian Inference in Graphical Models : Tree-structured Network Inference and Segmentation}},
  AUTHOR = {Schwaller, L.},
  URL = {https://tel.archives-ouvertes.fr/tel-01401458},
  NUMBER = {2016SACLS210},
  SCHOOL = {{Universit{\'e} Paris-Saclay}},
  YEAR = {2016},
  MONTH = Sep,
  KEYWORDS = {Bayesian inference ; Graphical models ; Matrix-Tree theorem ; Network inference ; Segmentation ; Spanning tree ; Arbre couvrant ; Inference bayesienne ; Inference de reseaux ; Mod{\`e}les graphiques ; Theor{\`e}me arbre-Matrice},
  TYPE = {Theses},
  PDF = {https://tel.archives-ouvertes.fr/tel-01401458/file/73152_SCHWALLER_2016_diffusion.pdf},
  HAL_ID = {tel-01401458},
  HAL_VERSION = {v1},
}

@article{SHD14,
  title={{P}oisson noise reduction with non-local {PCA}},
  author={Salmon, J. and Harmany, Z. and Deledalle, C.-A. and Willett, R.},
  journal={Journal of mathematical imaging and vision},
  volume={48},
  number={2},
  pages={279--294},
  year={2014},
  publisher={Springer}
}

@article{SrL10,
  title={A two-parameter generalized {P}oisson model to improve the analysis of RNA-seq data},
  author={Srivastava, S. and Chen, L.},
  journal={Nucleic acids research},
  volume={38},
  number={17},
  pages={e170--e170},
  year={2010},
  publisher={Oxford Univ Press}
}

@BOOK{SoS63,
         AUTHOR = "Sokal, R.R. and Sneath, P.H.A.",
         TITLE = "Principles of numerical taxonomy",
         PUBLISHER = Freeman,
         YEAR = 1963}

@ARTICLE{Son14,
title = {{compcodeR - an R package for benchmarking differential expression methods for RNA-seq data}},
author = {Soneson, C.},
year = {2014},
journal = {Bioinformatics},
volume = {30},
number ={17},
pages = {2517-2518}
}

@ARTICLE{Son13,
title = {A comparison of methods for differential expression analysis of {RNA}-seq data},
author = {Soneson, C. and Delorenzi, M.},
year = {2013},
journal = {{BMC} Bioinformatics},
volume = {14},
pages = {91}
}

@Article{GiN02,
  author =  {Girvan, M. and Newman, M. E. J.},
  title =  {Community strucutre in social and biological networks},


  journal =  PNAS,
  year =  {2002},
  volume =  {99},
  number =  {12},
  pages =  {7821--6},
  OPTmonth =  {},
  OPTnote =  {},
  OPTannote =  {}
}

@Article{Sch78,
  author =  {Schwarz, G.},
  title =  {Estimating the dimension of a model},
  journal =  AS,
  year =  {1978},
  volume =  {6},
  Tnumber =  {2},
  pages =  {461-4},
}

@article{SPP05,
author = {Sachs, K. and Perez, O. and Pe'er, D. and Lauffenburger, D. A. and N., G. P.},
doi = {10.1126/science.1105809},
isbn = {1095-9203 (Electronic)$\backslash$n0036-8075 (Linking)},
issn = {0036-8075},
journal = {Science (New York, N.Y.)},
pages = {523--529},
pmid = {15845847},
title = {{Causal protein-signaling networks derived from multiparameter single-cell data.}},
volume = {308},
year = {2005}
}

@techreport{SRS15,
   author = {{Schwaller}, L. and {Robin}, S. and {Stumpf}, M.},
    title = "{Bayesian Inference of Graphical Model Structures Using Trees}",
  institution = {arXiv}, 
  number = {1504.02723},
     year = 2015,
    month = apr,
}

@techreport{ScR16b,
   author = {{Schwaller}, L. and {Robin}, S.},
    title = "{Exact Bayesian inference for off-line change-point detection in tree-structured graphical models}",
  institution = {arXiv}, 
  number = {1603.07871},
     year = 2016,
    month = mar,
  note = {{\sl to appear in Stat. \& Comp.}}
}

@Article{ScR16,
author="Schwaller, L. and Robin, S.",
title="Exact Bayesian inference for off-line change-point detection in tree-structured graphical models",
journal="Statistics and Computing",
year="2016",
pages="1--15",
issn="1573-1375",
doi="10.1007/s11222-016-9689-3",
url="http://dx.doi.org/10.1007/s11222-016-9689-3"
}



%%%%%%%%%%%%%%%%%%%%%%%%%%%%%%%%%%%%%%%%%%%%%%%%%%%%%%%
% T
@TechReport{TBC17,
   author = {{Tabouy}, T. and {Barbillon}, P. and {Chiquet}, J.},
    title = "{Variational Inference for Stochastic Block Models from Sampled Data}",
  institution = {arXiv:1707.04141},
     year = 2017,
}

@article{TiB99,
  title={Probabilistic principal component analysis},
  author={Tipping, M. E and Bishop, C. M},
  journal={Journal of the Royal Statistical Society: Series B},
  volume={61},
  number={3},
  pages={611--622},
  year={1999},
  publisher={Wiley Online Library}
}

@article{Tib96,
  title={Regression shrinkage and selection via the lasso},
  author={Tibshirani, R.},
  journal={Journal of the Royal Statistical Society. Series B},
  pages={267--288},
  year={1996},
  publisher={JSTOR}
}

@inproceedings{TeL14,
  title={Local ordinal embedding},
  author={Terada, Y. and von Luxburg, U.V.},
  booktitle={Proceedings of the 31st International Conference on Machine Learning (ICML-14)},
  pages={847--855},
  year={2014}
}

@article{TGD11,
  title={Differential expression in {RNA-seq}: a matter of depth},
  author={Tarazona, S. and Garc{\'\i}a-Alcalde, F. and Dopazo, J. and Ferrer, A. and Conesa, A.},
  journal={Genome research},
  volume={21},
  number={12},
  pages={2213--2223},
  year={2011},
  publisher={Cold Spring Harbor Lab}
}


%%%%%%%%%%%%%%%%%%%%%%%%%%%%%%%%%%%%%%%%%%%%%%%%%%%%%%%
% U

%%%%%%%%%%%%%%%%%%%%%%%%%%%%%%%%%%%%%%%%%%%%%%%%%%%%%%%
% V
@article{VeA15,
  title={Community detection in sparse random networks},
  author={Verzelen, N. and Arias-Castro, E.},
  journal={The Annals of Applied Probability},
  volume={25},
  number={6},
  pages={3465--3510},
  year={2015},
  publisher={Institute of Mathematical Statistics}
}

@article{VaV05,
  title={A note on composite likelihood inference and model selection},
  author={Varin, C. and Vidoni, P.},
  journal={Biometrika},
  volume={92},
  number={3},
  pages={519--528},
  year={2005},
  publisher={Oxford University Press}
}

@Article{Ver12,
author = {Verzelen, N.},
title = {Minimax risks for sparse regressions:
Ultra-high-dimensional phenomenons.},
year = {2012},
journal =  {Electron. J. Stat.},
volume =  {6},
OPTnumber =  {},
pages =  {38--90},
}

@inproceedings{VeB10,
  title={Fast detection of multiple change-points shared by many signals using group LARS},
  author={Vert, J.-Ph. and Bleakley, K.},
  booktitle={Advances in Neural Information Processing Systems},
  pages={2343--2351},
  year={2010}
}

@article{VTK16,
  title={Chapter One - {L}earning Ecological Networks from Next-Generation Sequencing Data},
  author={Vacher, C. and Tamaddoni-Nezhad, A. and Kamenova, S. and Peyrard, N. and Moalic, Y. and Sabbadin, R. and Schwaller, L. and Chiquet, J. and Smith, M.A. and Vallance, J. and Fievet, V. and Jakuschkin, B. and Bohan, D. A.},
  journal={Advances in Ecological Research},
  volume={54},
  pages={1--39},
  year={2016},
  publisher={Elsevier}
}

@Book{vdV98,
 title = {Asymptotic statistics},
 publisher = {Cambridge Univ. Press, New York},
 year = {1998},
 author = {van der Vaart, A.},
 volume = {27},
 series = {Cambridge Series in Statistical and Probabilistic Mathematics},
}

@Article{VPD08,
  author =  {Vacher, C. and Piou, D. and Desprez-Loustau, M.-L.},
  title =  {Architecture of an Antagonistic Tree/Fungus Network: 
The Asymmetric Influence of Past Evolutionary History.},
  journal =  {PLoS ONE},
  year =  {2008},
  volume =  {3},
  number =  {3},
  pages =  {1740},
  note =  {{\tt e1740. doi:10.1371/journal.pone.0001740}}
}

@article{VRF11,
  added-at = {2011-08-07T18:55:55.000+0200},
  author = {Varin, C. and Reid, N. and Firth, D.},
  biburl = {http://www.bibsonomy.org/bibtex/219dc051fdee730526c518c1b7b1ddb8b/marsianus},
  institution = {Ca' Foscari University of Venice, University of Toronto and University of Warwick},
  interhash = {c9c8ea1a6b932ded2abafd9e4b76ed1b},
  intrahash = {19dc051fdee730526c518c1b7b1ddb8b},
  journal = {Statistica Sinica},
  keywords = {Likelihood:composite Likelihood},
  pages = {5-42},
  timestamp = {2011-08-07T18:55:55.000+0200},
  title = {An Overview of Composite Likelihood Methods},
  volume = 21,
  year = 2011
}

@article{VMR12,
title = "Variational Bayes approach for model aggregation in unsupervised classification with {M}arkovian dependency",
journal = "Comput. Statis. \& Data Analysis",
volume = "56",
number = "8",
pages = "2375 - 2387",
year = "2012",
note = "",
issn = "0167-9473",
doi = "10.1016/j.csda.2012.01.027",
url = "http://www.sciencedirect.com/science/article/pii/S0167947312000710",
author = "Volant, S. and Martin Magniette, M.-L. and Robin, S.",
keywords = "Model averaging",
keywords = "Variational Bayes inference",
keywords = "{M}arkov chain",
keywords = "Unsupervised classification"
}

%%%%%%%%%%%%%%%%%%%%%%%%%%%%%%%%%%%%%%%%%%%%%%%%%%%%%%%
% W
@TechReport{BCF17,
  author = {{Wang}, Y. and {Blei}, D.M.},
  title = "Frequentist Consistency of Variational {B}ayes",
  institution = {arXiv}, 
  number = {1705.03439},
  year = 2018
}

@TechReport{WLA18,
   author = {{Wang}, X. and {Lebarbier}, E. and {Aubert}, J. and {Robin}, S.},
    title = "{Variational inference for coupled Hidden Markov Models applied to the joint detection of copy number variations}",
  institution = {arXiv},
  note = {{\sl to appear in Internat. J. Biostatistics}},
  number = {1706.06742},
     year = 2018
}

@inproceedings{WaT04,
  title={Convergence and asymptotic normality of variational Bayesian approximations for exponential family models with missing values},
  author={Wang, B. and Titterington, D. M},
  booktitle={Proceedings of the 20th conference on Uncertainty in Artificial Intelligence},
  pages={577--584},
  year={2004},
  organization={AUAI Press}
}

@inproceedings{WaT05,
  title={Inadequacy of interval estimates corresponding to variational Bayesian approximations.},
  author={Wang, B. and Titterington, D. M},
  booktitle={AISTATS},
  year={2005}
}

@article{WTT09,
  title={A penalized matrix decomposition, with applications to sparse principal components and canonical correlation analysis},
  author={Witten, D. M and Tibshirani, R. and Hastie, T.},
  journal={Biostatistics},
  pages={kxp008},
  year={2009},
  publisher={Biometrika Trust}
}

@article{WWW13,
  title={A new shrinkage estimator for dispersion improves differential expression detection in {RNA-seq} data},
  author={Wu, H. and Wang, C. and Wu, Z.},
  journal={Biostatistics},
  volume={14},
  number={2},
  pages={232--243},
  year={2013},
  publisher={Biometrika Trust}
}

@BOOK {Wat95,
         AUTHOR = "Waterman, M. S.",
         TITLE = "Introduction to Computational Biology",
         PUBLISHER = {Chapman \& Hall} ,
         YEAR = 1995}
         
@Article{WaJ08,
  author =  {Wainwright, M. J. and Jordan, M. I.},
  title =  {Graphical Models, Exponential Families, and Variational Inference},
  journal =  {Found. Trends Mach. Learn.},
  year =  {2008},
  volume =  {1},
  number =  {1--2},
  pages =  {1--305},
  OPTurl =  {http:/dx.doi.org/10.1561/2200000001},
}

%%%%%%%%%%%%%%%%%%%%%%%%%%%%%%%%%%%%%%%%%%%%%%%%%%%%%%%
% X
@inproceedings{Xu15,
  title={Stochastic block transition models for dynamic networks},
  author={Xu, K.},
  booktitle={Artificial Intelligence and Statistics},
  pages={1079--1087},
  year={2015}
}


@article{XuH14,
  title={Dynamic stochastic blockmodels for time-evolving social networks},
  author={Xu, K. S and Hero, A. O},
  journal={IEEE Journal of Selected Topics in Signal Processing},
  volume={8},
  number={4},
  pages={552--562},
  year={2014},
  publisher={IEEE}
}

@article{XFS10,
  title={A state-space mixed membership blockmodel for dynamic network tomography},
  author={Xing, E. P and Fu, W. and Song, L.},
  journal={The Annals of Applied Statistics},
  volume={4},
  number={2},
  pages={535--566},
  year={2010},
}

%%%%%%%%%%%%%%%%%%%%%%%%%%%%%%%%%%%%%%%%%%%%%%%%%%%%%%%
% Y
@article{YRA15,
  title={Graphical models via univariate exponential family distributions},
  author={Yang, E. and Ravikumar, P. and Allen, G. I and Liu, Z.},
  journal={The Journal of Machine Learning Research},
  volume={16},
  number={1},
  pages={3813--3847},
  year={2015},
  publisher={JMLR. org}
}

@inproceedings{YFW01,
  title={Generalized belief propagation},
  author={Yedidia, J. S and Freeman, W. T and Weiss, Y.},
  booktitle={Advances in neural information processing systems},
  pages={689--695},
  year={2001}
}

@inproceedings{YHA14,
  title={Nonparametric estimation and testing of exchangeable graph models.},
  author={Yang, J. and Han, C. and Airoldi, E.},
  booktitle={AISTATS},
  pages={1060--1067},
  year={2014}
}

@inproceedings{YoS07,
title={Random dot product graph models for social networks},
author={Young, Stephen J and Scheinerman, Edward R},
booktitle={International Workshop on Algorithms and Models for the Web-Graph},
pages={138--149},
year={2007},
organization={Springer}
}

%%%%%%%%%%%%%%%%%%%%%%%%%%%%%%%%%%%%%%%%%%%%%%%%%%%%%%%
% Z
@article{ZLB17,
  title={The dynamic random subgraph model for the clustering of evolving networks},
  author={Zreik, R. and Latouche, P. and Bouveyron, C.},
  journal={Computational Statistics},
  volume={32},
  number={2},
  pages={501--533},
  year={2017},
  publisher={Springer}
}

@article{ZCZ17,
  title={State space modeling of autocorrelated multivariate Poisson counts},
  author={Zhang, C. and Chen, N. and Li, Z.},
  journal={IISE Transactions},
  volume={49},
  number={5},
  pages={518--531},
  year={2017},
  publisher={Taylor \& Francis}
}

@inproceedings{ZLD12,
  title={Lognormal and gamma mixed negative binomial regression},
  author={Zhou, M. and Li, L. and Dunson, D. and Carin, L.},
  booktitle={Proceedings of the International Conference on Machine Learning. International Conference on Machine Learning},
  volume={2012},
  pages={1343},
  year={2012},
  organization={NIH Public Access}
}

@Article{ZhS07,
  author =  {Zhang, N. R. and Siegmund, D. O.},
  title =  {A Modified {B}ayes Information Criterion with Applications to the Analysis of Comparative Genomic Hybridization Data},
  journal =  {Biometrics},
  year =  {2007},
  volume =  {63},
  number =  {1},
  pages =  {22--32},
}

@Article{Zac77,
  author =  {Zachary, W. W.},
  title =  {An information flow model for conflict and fission in small groups},
  journal =  {J. Anthrop. Res.},
  year =  {1977},
  volume =  {33},
  pages =  {452--73},
}

@inproceedings{ZHD12,
  title={Beta-Negative Binomial Process and {P}oisson Factor Analysis.},
  author={Zhou, M. and Hannah, L. and Dunson, D. B and Carin, L.},
  booktitle={AISTATS},
  volume={22},
  pages={1462--1471},
  year={2012}
}

@TechReport{Zho16,
  title={Nonparametric Bayesian negative binomial factor analysis},
  author={Zhou, M.},
  institution={arXiv}, 
  number = {1604.07464},
  year={2016}
}

