@Article{HRT07,
  author =  {Handcock, M.S. and Raftery, A.E. and Tantrum, J.M.},
  title =  {Model-based clustering for social networks},
  journal =  {JRSS-A},
  year =  {2007},
  volume =  {170},
  number =  {2},
  pages =  {301--54},
  note =  {{\tt doi: 10.1111/j.1467-985X.2007.00471.x}},
}

@Article{HMR99,
  author =  {Jennifer A. Hoeting and David Madigan and Adrian E. Raftery 
                  and Chris T. Volinsky},
  title =  {Bayesian Model Averaging: A Tutorial},
  journal =  {Statistical Science},
  year =  {1999},
  OPTkey =  {},
  volume =  {14},
  number =  {4},
  pages =  {382--417},
  OPTmonth =  {},
  OPTnote =  {},
  OPTannote =  {}
}


@book {Kolaczyk:2009,
    AUTHOR = {Kolaczyk, Eric D.},
     TITLE = {Statistical analysis of network data},
    SERIES = {Springer Series in Statistics},
      NOTE = {Methods and models},
 PUBLISHER = {Springer, New York},
      YEAR = {2009},
     PAGES = {xii+386},
      ISBN = {978-0-387-88145-4},
   MRCLASS = {05C82 (62-09 62M40 68M11 90B10 91D30)},
  MRNUMBER = {2724362 (2011j:05308)},
MRREVIEWER = {Lenwood S. Heath},
       DOI = {10.1007/978-0-387-88146-1},
       URL = {http://dx.doi.org/10.1007/978-0-387-88146-1},
}

@article{MaR14,
	author = {{Matias, Catherine} and {Robin, Stéphane}},
	title = {
          Modeling heterogeneity in random graphs through latent space models: a selective
          review        },
	DOI= "10.1051/proc/201447004",
	url= "http://dx.doi.org/10.1051/proc/201447004",
	journal = {ESAIM: Proc.},
	year = 2014,
	volume = 47,
	pages = "55-74",
	month = "",
	annote = {type:ACL author:Robin}
}

@Article{BJR07,
  author =  {Bollob\'as, B. and Janson, S. and Riordan, O.},
  title =  {The phase transition in inhomogeneous random graphs},
  journal =  {Rand. Struct. Algo.},
  year =  {2007},
  volume =  {31},
  number =  {1},
  pages =  {3--122},
  annote =  {}
}

@Article{NoS01,
  author =  {Nowicki, K. and Snijders, T.A.B.},
  title =  {Estimation and prediction for stochastic block-structures},
  journal =  JASA,
  year =  {2001},
  volume =  {96},
  pages =  {1077--87},
}


@Article{HRT07,
  author =  {Handcock, M.S. and Raftery, A.E. and Tantrum, J.M.},
  title =  {Model-based clustering for social networks},
  journal =  {JRSS-A},
  year =  {2007},
  volume =  {170},
  number =  {2},
  pages =  {301--54},
  note =  {{\tt doi: 10.1111/j.1467-985X.2007.00471.x}},
}



@Article{HRH02,
  author =  {Hoff, P. D. and Raftery, A. E. and Handcock, M. S.},
  title =  {Latent space approaches to social network analysis},
  journal =   {JASA},
  year =  {2002},
  volume =  {97},
  number =  {460},
  pages =  {1090--98},
}

@article{LoS06,
title = "Limits of dense graph sequences",
journal = "Journal of Combinatorial Theory, Series B ",
volume = "96",
number = "6",
pages = "933 - 957",
year = "2006",
note = "",
issn = "0095-8956",
doi = "http://dx.doi.org/10.1016/j.jctb.2006.05.002",
url = "http://www.sciencedirect.com/science/article/pii/S0095895606000517",
author = "Lov\'asz, L. and Szegedy, B.",
keywords = "Graph homomorphism",
keywords = "Convergent graph sequence",
keywords = "Limit",
keywords = "Quasirandom graph "
}

@Article{GoN05,
  author =  {G. Govaert and M. Nadif},
  title =  {An {EM} Algorithm for the Block Mixture Model},
  journal =  {IEEE Trans. Pattern Anal. Machine Intel.},
  year =  {2005},
  OPTkey =  {},
  volume =  {27},
  number =  {4},
  pages =  {643--7},
  OPTmonth =  {April},
  OPTnote =  {},
  OPTannote =  {}
}




@Article{DiJ08,
  author = 	 {Diaconis, P. and Janson, S.},
  title = 	 {Graph limits and exchangeable random graphs},
  journal = 	 {{R}end. {M}at. {A}ppl.},
  year = 	 {2008},
  volume = 	 {7},
  number = 	 {28},
  pages = 	 {33-61},
}

@Book{Lau96,
  author =  {Lauritzen, S.L.},
  title =  {Graphical Models},
  publisher =  {Clarendon Press},
  year =  {1996},
  series =  {Oxford Statistical Science Series},
}

@Article{WaJ08,
  author =  {Wainwright, M. J. and Jordan, M. I.},
  title =  {Graphical Models, Exponential Families, and Variational Inference},
  journal =  {Found. Trends Mach. Learn.},
  year =  {2008},
  volume =  {1},
  number =  {1--2},
  pages =  {1--305},
  note =  {http:/dx.doi.org/10.1561/2200000001},
}

@article{AmM09,
author = {Ambroise, Christophe and Matias, Catherine},
title = {New consistent and asymptotically normal parameter estimates for random-graph mixture models},
journal = {JRSS-B},
volume = {74},
number = {1},
publisher = {Blackwell Publishing Ltd},
issn = {1467-9868},
url = {http://dx.doi.org/10.1111/j.1467-9868.2011.01009.x},
doi = {10.1111/j.1467-9868.2011.01009.x},
pages = {3--35},
keywords = {Composite likelihood, Mixture model, Random graph, Stochastic block model},
year = {2012},
}

@TechReport{Min05,
  author =  {Tom Minka},
  title =  {Divergence measures and message passing},
  institution =  {Microsoft Research Ltd},
  year =  {2005},
  OPTkey =  {},
  OPTtype =  {},
  number =  {MSR-TR-2005-173},
  OPTaddress =  {},
  OPTmonth =  {},
  note =  {{\tt ftp://ftp.research.microsoft.com/pub/tr/TR-2005-173.pdf}},
  OPTannote =  {}
}

@InBook{Jaa00,
  author =  {T. Jaakkola},
  title =  {Advanced mean field methods: theory and practice},
  chapter =  {Tutorial on variational approximation methods},
  publisher =  {MIT Press},
  year =  {2000},
  OPTnote =  {{\tt people.csail.mit.edu/tommi/papers/Jaa-var-tutorial.ps}},
}

@inproceedings{Lyu11,
  added-at = {2012-03-23T00:00:00.000+0100},
  author = {Lyu, Siwei},
  biburl = {http://www.bibsonomy.org/bibtex/2f299d3ee70648184a03f93a39f9fcdd5/dblp},
  booktitle = {NIPS},
  editor = {Shawe-Taylor, John and Zemel, Richard S. and Bartlett, Peter L. and Pereira, Fernando C. N. and Weinberger, Kilian Q.},
  keywords = {dblp},
  pages = {64-72},
  timestamp = {2012-03-23T00:00:00.000+0100},
  title = {Unifying Non-Maximum Likelihood Learning Objectives with Minimum {KL} Contraction.},
  url = {http://dblp.uni-trier.de/db/conf/nips/nips2011.html#Lyu11},
  year = 2011
}


@article{VRF11,
  added-at = {2011-08-07T18:55:55.000+0200},
  author = {Varin, Cristiano and Reid, Nancy and Firth, David},
  biburl = {http://www.bibsonomy.org/bibtex/219dc051fdee730526c518c1b7b1ddb8b/marsianus},
  institution = {Caâ€™ Foscari University of Venice, University of Toronto and University of Warwick},
  interhash = {c9c8ea1a6b932ded2abafd9e4b76ed1b},
  intrahash = {19dc051fdee730526c518c1b7b1ddb8b},
  journal = {Statistica Sinica},
  keywords = {Likelihood:composite Likelihood},
  pages = {5-42},
  timestamp = {2011-08-07T18:55:55.000+0200},
  title = {An Overview of Composite Likelihood Methods},
  volume = 21,
  year = 2011
}